%YAML 1.1
%TAG !u! tag:unity3d.com,2011:
--- !u!1 &1457040612331531274
GameObject:
  m_ObjectHideFlags: 0
  m_CorrespondingSourceObject: {fileID: 0}
  m_PrefabInstance: {fileID: 0}
  m_PrefabAsset: {fileID: 0}
  serializedVersion: 6
  m_Component:
  - component: {fileID: 1599558296475694823}
  - component: {fileID: 7893691686857392515}
  - component: {fileID: 4722667317446725503}
  - component: {fileID: 8214337193182062874}
  - component: {fileID: 7002718675789241764}
  m_Layer: 8
  m_Name: Light - Left Blink
  m_TagString: Untagged
  m_Icon: {fileID: 0}
  m_NavMeshLayer: 0
  m_StaticEditorFlags: 0
  m_IsActive: 1
--- !u!4 &1599558296475694823
Transform:
  m_ObjectHideFlags: 0
  m_CorrespondingSourceObject: {fileID: 0}
  m_PrefabInstance: {fileID: 0}
  m_PrefabAsset: {fileID: 0}
  m_GameObject: {fileID: 1457040612331531274}
  m_LocalRotation: {x: 0.7071068, y: -0, z: -0, w: 0.7071068}
  m_LocalPosition: {x: -0.32, y: 0, z: -0.509}
  m_LocalScale: {x: 0.3, y: 0.025000002, z: 0.3}
  m_Children: []
  m_Father: {fileID: 7032885205986186016}
  m_RootOrder: 1
  m_LocalEulerAnglesHint: {x: 90, y: 0, z: 0}
--- !u!33 &7893691686857392515
MeshFilter:
  m_ObjectHideFlags: 0
  m_CorrespondingSourceObject: {fileID: 0}
  m_PrefabInstance: {fileID: 0}
  m_PrefabAsset: {fileID: 0}
  m_GameObject: {fileID: 1457040612331531274}
  m_Mesh: {fileID: 10206, guid: 0000000000000000e000000000000000, type: 0}
--- !u!23 &4722667317446725503
MeshRenderer:
  m_ObjectHideFlags: 0
  m_CorrespondingSourceObject: {fileID: 0}
  m_PrefabInstance: {fileID: 0}
  m_PrefabAsset: {fileID: 0}
  m_GameObject: {fileID: 1457040612331531274}
  m_Enabled: 1
  m_CastShadows: 1
  m_ReceiveShadows: 1
  m_DynamicOccludee: 1
  m_MotionVectors: 1
  m_LightProbeUsage: 1
  m_ReflectionProbeUsage: 1
  m_RayTracingMode: 2
  m_RenderingLayerMask: 1
  m_RendererPriority: 0
  m_Materials:
  - {fileID: 2100000, guid: 4ca6dcc5b6cae4e29ac5a75c7e4f436f, type: 2}
  m_StaticBatchInfo:
    firstSubMesh: 0
    subMeshCount: 0
  m_StaticBatchRoot: {fileID: 0}
  m_ProbeAnchor: {fileID: 0}
  m_LightProbeVolumeOverride: {fileID: 0}
  m_ScaleInLightmap: 1
  m_ReceiveGI: 1
  m_PreserveUVs: 0
  m_IgnoreNormalsForChartDetection: 0
  m_ImportantGI: 0
  m_StitchLightmapSeams: 1
  m_SelectedEditorRenderState: 3
  m_MinimumChartSize: 4
  m_AutoUVMaxDistance: 0.5
  m_AutoUVMaxAngle: 89
  m_LightmapParameters: {fileID: 0}
  m_SortingLayerID: 0
  m_SortingLayer: 0
  m_SortingOrder: 0
--- !u!114 &8214337193182062874
MonoBehaviour:
  m_ObjectHideFlags: 0
  m_CorrespondingSourceObject: {fileID: 0}
  m_PrefabInstance: {fileID: 0}
  m_PrefabAsset: {fileID: 0}
  m_GameObject: {fileID: 1457040612331531274}
  m_Enabled: 1
  m_EditorHideFlags: 0
  m_Script: {fileID: 11500000, guid: 5d25ec4b682584fc8840ecb89461fe46, type: 3}
  m_Name: 
  m_EditorClassIdentifier: 
  time: 0.3
  isDisabled: 0
  timestamp: 0
--- !u!114 &7002718675789241764
MonoBehaviour:
  m_ObjectHideFlags: 0
  m_CorrespondingSourceObject: {fileID: 0}
  m_PrefabInstance: {fileID: 0}
  m_PrefabAsset: {fileID: 0}
  m_GameObject: {fileID: 1457040612331531274}
  m_Enabled: 1
  m_EditorHideFlags: 0
  m_Script: {fileID: 11500000, guid: cc5537b7715594e9d8abbae6fe208c63, type: 3}
  m_Name: 
  m_EditorClassIdentifier: 
  value: 0
--- !u!1 &5526391076688288727
GameObject:
  m_ObjectHideFlags: 0
  m_CorrespondingSourceObject: {fileID: 0}
  m_PrefabInstance: {fileID: 0}
  m_PrefabAsset: {fileID: 0}
  serializedVersion: 6
  m_Component:
  - component: {fileID: 8804930524407005834}
  m_Layer: 8
  m_Name: Wheels
  m_TagString: Untagged
  m_Icon: {fileID: 0}
  m_NavMeshLayer: 0
  m_StaticEditorFlags: 0
  m_IsActive: 1
--- !u!4 &8804930524407005834
Transform:
  m_ObjectHideFlags: 0
  m_CorrespondingSourceObject: {fileID: 0}
  m_PrefabInstance: {fileID: 0}
  m_PrefabAsset: {fileID: 0}
  m_GameObject: {fileID: 5526391076688288727}
  m_LocalRotation: {x: 0, y: 0, z: 0, w: 1}
  m_LocalPosition: {x: 0, y: 0, z: 0}
  m_LocalScale: {x: 1, y: 1, z: 1}
  m_Children:
  - {fileID: 7032885206727305486}
  - {fileID: 7032885205425833315}
  - {fileID: 7032885206734700747}
  - {fileID: 7032885206328920819}
  m_Father: {fileID: 7032885206205397667}
  m_RootOrder: 1
  m_LocalEulerAnglesHint: {x: 0, y: 0, z: 0}
--- !u!1 &5917002940621613003
GameObject:
  m_ObjectHideFlags: 0
  m_CorrespondingSourceObject: {fileID: 0}
  m_PrefabInstance: {fileID: 0}
  m_PrefabAsset: {fileID: 0}
  serializedVersion: 6
  m_Component:
  - component: {fileID: 531502529374392542}
  - component: {fileID: 4460720244180721189}
  - component: {fileID: 1808756717331549883}
  m_Layer: 8
  m_Name: Light - Left
  m_TagString: Untagged
  m_Icon: {fileID: 0}
  m_NavMeshLayer: 0
  m_StaticEditorFlags: 0
  m_IsActive: 1
--- !u!4 &531502529374392542
Transform:
  m_ObjectHideFlags: 0
  m_CorrespondingSourceObject: {fileID: 0}
  m_PrefabInstance: {fileID: 0}
  m_PrefabAsset: {fileID: 0}
  m_GameObject: {fileID: 5917002940621613003}
  m_LocalRotation: {x: 0.7071068, y: -0, z: -0, w: 0.7071068}
  m_LocalPosition: {x: -0.32, y: 0, z: -0.5}
  m_LocalScale: {x: 0.2, y: 0.025000002, z: 0.2}
  m_Children: []
  m_Father: {fileID: 7032885205986186016}
  m_RootOrder: 3
  m_LocalEulerAnglesHint: {x: 90, y: 0, z: 0}
--- !u!33 &4460720244180721189
MeshFilter:
  m_ObjectHideFlags: 0
  m_CorrespondingSourceObject: {fileID: 0}
  m_PrefabInstance: {fileID: 0}
  m_PrefabAsset: {fileID: 0}
  m_GameObject: {fileID: 5917002940621613003}
  m_Mesh: {fileID: 10206, guid: 0000000000000000e000000000000000, type: 0}
--- !u!23 &1808756717331549883
MeshRenderer:
  m_ObjectHideFlags: 0
  m_CorrespondingSourceObject: {fileID: 0}
  m_PrefabInstance: {fileID: 0}
  m_PrefabAsset: {fileID: 0}
  m_GameObject: {fileID: 5917002940621613003}
  m_Enabled: 1
  m_CastShadows: 1
  m_ReceiveShadows: 1
  m_DynamicOccludee: 1
  m_MotionVectors: 1
  m_LightProbeUsage: 1
  m_ReflectionProbeUsage: 1
  m_RayTracingMode: 2
  m_RenderingLayerMask: 1
  m_RendererPriority: 0
  m_Materials:
  - {fileID: 2100000, guid: 6aa646183248d4044b7dc9b4ce420c82, type: 2}
  m_StaticBatchInfo:
    firstSubMesh: 0
    subMeshCount: 0
  m_StaticBatchRoot: {fileID: 0}
  m_ProbeAnchor: {fileID: 0}
  m_LightProbeVolumeOverride: {fileID: 0}
  m_ScaleInLightmap: 1
  m_ReceiveGI: 1
  m_PreserveUVs: 0
  m_IgnoreNormalsForChartDetection: 0
  m_ImportantGI: 0
  m_StitchLightmapSeams: 1
  m_SelectedEditorRenderState: 3
  m_MinimumChartSize: 4
  m_AutoUVMaxDistance: 0.5
  m_AutoUVMaxAngle: 89
  m_LightmapParameters: {fileID: 0}
  m_SortingLayerID: 0
  m_SortingLayer: 0
  m_SortingOrder: 0
--- !u!1 &6873896102225957018
GameObject:
  m_ObjectHideFlags: 0
  m_CorrespondingSourceObject: {fileID: 0}
  m_PrefabInstance: {fileID: 0}
  m_PrefabAsset: {fileID: 0}
  serializedVersion: 6
  m_Component:
  - component: {fileID: 7804564520993858043}
  - component: {fileID: 2632470756822410303}
  - component: {fileID: 2398289027087890818}
  m_Layer: 8
  m_Name: Light - Right
  m_TagString: Untagged
  m_Icon: {fileID: 0}
  m_NavMeshLayer: 0
  m_StaticEditorFlags: 0
  m_IsActive: 1
--- !u!4 &7804564520993858043
Transform:
  m_ObjectHideFlags: 0
  m_CorrespondingSourceObject: {fileID: 0}
  m_PrefabInstance: {fileID: 0}
  m_PrefabAsset: {fileID: 0}
  m_GameObject: {fileID: 6873896102225957018}
  m_LocalRotation: {x: 0.7071068, y: -0, z: -0, w: 0.7071068}
  m_LocalPosition: {x: 0.32, y: 0, z: -0.5}
  m_LocalScale: {x: 0.2, y: 0.025000002, z: 0.2}
  m_Children: []
  m_Father: {fileID: 7032885205986186016}
  m_RootOrder: 4
  m_LocalEulerAnglesHint: {x: 90, y: 0, z: 0}
--- !u!33 &2632470756822410303
MeshFilter:
  m_ObjectHideFlags: 0
  m_CorrespondingSourceObject: {fileID: 0}
  m_PrefabInstance: {fileID: 0}
  m_PrefabAsset: {fileID: 0}
  m_GameObject: {fileID: 6873896102225957018}
  m_Mesh: {fileID: 10206, guid: 0000000000000000e000000000000000, type: 0}
--- !u!23 &2398289027087890818
MeshRenderer:
  m_ObjectHideFlags: 0
  m_CorrespondingSourceObject: {fileID: 0}
  m_PrefabInstance: {fileID: 0}
  m_PrefabAsset: {fileID: 0}
  m_GameObject: {fileID: 6873896102225957018}
  m_Enabled: 1
  m_CastShadows: 1
  m_ReceiveShadows: 1
  m_DynamicOccludee: 1
  m_MotionVectors: 1
  m_LightProbeUsage: 1
  m_ReflectionProbeUsage: 1
  m_RayTracingMode: 2
  m_RenderingLayerMask: 1
  m_RendererPriority: 0
  m_Materials:
  - {fileID: 2100000, guid: 6aa646183248d4044b7dc9b4ce420c82, type: 2}
  m_StaticBatchInfo:
    firstSubMesh: 0
    subMeshCount: 0
  m_StaticBatchRoot: {fileID: 0}
  m_ProbeAnchor: {fileID: 0}
  m_LightProbeVolumeOverride: {fileID: 0}
  m_ScaleInLightmap: 1
  m_ReceiveGI: 1
  m_PreserveUVs: 0
  m_IgnoreNormalsForChartDetection: 0
  m_ImportantGI: 0
  m_StitchLightmapSeams: 1
  m_SelectedEditorRenderState: 3
  m_MinimumChartSize: 4
  m_AutoUVMaxDistance: 0.5
  m_AutoUVMaxAngle: 89
  m_LightmapParameters: {fileID: 0}
  m_SortingLayerID: 0
  m_SortingLayer: 0
  m_SortingOrder: 0
--- !u!1 &7032885205425833316
GameObject:
  m_ObjectHideFlags: 0
  m_CorrespondingSourceObject: {fileID: 0}
  m_PrefabInstance: {fileID: 0}
  m_PrefabAsset: {fileID: 0}
  serializedVersion: 6
  m_Component:
  - component: {fileID: 7032885205425833315}
  - component: {fileID: 7032885205425833312}
  - component: {fileID: 7032885205425833313}
  m_Layer: 8
  m_Name: Wheel - FR
  m_TagString: Untagged
  m_Icon: {fileID: 0}
  m_NavMeshLayer: 0
  m_StaticEditorFlags: 0
  m_IsActive: 1
--- !u!4 &7032885205425833315
Transform:
  m_ObjectHideFlags: 0
  m_CorrespondingSourceObject: {fileID: 0}
  m_PrefabInstance: {fileID: 0}
  m_PrefabAsset: {fileID: 0}
  m_GameObject: {fileID: 7032885205425833316}
  m_LocalRotation: {x: -0, y: -0, z: -0, w: 1}
  m_LocalPosition: {x: 0.25, y: 0, z: 0.5}
  m_LocalScale: {x: 0.2, y: 1, z: 1}
  m_Children: []
  m_Father: {fileID: 8804930524407005834}
  m_RootOrder: 1
  m_LocalEulerAnglesHint: {x: 0, y: 0, z: 0}
--- !u!33 &7032885205425833312
MeshFilter:
  m_ObjectHideFlags: 0
  m_CorrespondingSourceObject: {fileID: 0}
  m_PrefabInstance: {fileID: 0}
  m_PrefabAsset: {fileID: 0}
  m_GameObject: {fileID: 7032885205425833316}
  m_Mesh: {fileID: 10207, guid: 0000000000000000e000000000000000, type: 0}
--- !u!23 &7032885205425833313
MeshRenderer:
  m_ObjectHideFlags: 0
  m_CorrespondingSourceObject: {fileID: 0}
  m_PrefabInstance: {fileID: 0}
  m_PrefabAsset: {fileID: 0}
  m_GameObject: {fileID: 7032885205425833316}
  m_Enabled: 1
  m_CastShadows: 0
  m_ReceiveShadows: 0
  m_DynamicOccludee: 1
  m_MotionVectors: 1
  m_LightProbeUsage: 1
  m_ReflectionProbeUsage: 1
  m_RayTracingMode: 2
  m_RenderingLayerMask: 1
  m_RendererPriority: 0
  m_Materials:
  - {fileID: 2100000, guid: 12d0edebbb747400fae60c67134d7764, type: 2}
  m_StaticBatchInfo:
    firstSubMesh: 0
    subMeshCount: 0
  m_StaticBatchRoot: {fileID: 0}
  m_ProbeAnchor: {fileID: 0}
  m_LightProbeVolumeOverride: {fileID: 0}
  m_ScaleInLightmap: 1
  m_ReceiveGI: 1
  m_PreserveUVs: 0
  m_IgnoreNormalsForChartDetection: 0
  m_ImportantGI: 0
  m_StitchLightmapSeams: 1
  m_SelectedEditorRenderState: 3
  m_MinimumChartSize: 4
  m_AutoUVMaxDistance: 0.5
  m_AutoUVMaxAngle: 89
  m_LightmapParameters: {fileID: 0}
  m_SortingLayerID: 0
  m_SortingLayer: 0
  m_SortingOrder: 0
--- !u!1 &7032885205986186020
GameObject:
  m_ObjectHideFlags: 0
  m_CorrespondingSourceObject: {fileID: 0}
  m_PrefabInstance: {fileID: 0}
  m_PrefabAsset: {fileID: 0}
  serializedVersion: 6
  m_Component:
  - component: {fileID: 7032885205986186016}
  - component: {fileID: 7032885205986186017}
  - component: {fileID: 7032885205986186018}
  m_Layer: 8
  m_Name: Body
  m_TagString: Untagged
  m_Icon: {fileID: 0}
  m_NavMeshLayer: 0
  m_StaticEditorFlags: 0
  m_IsActive: 1
--- !u!4 &7032885205986186016
Transform:
  m_ObjectHideFlags: 0
  m_CorrespondingSourceObject: {fileID: 0}
  m_PrefabInstance: {fileID: 0}
  m_PrefabAsset: {fileID: 0}
  m_GameObject: {fileID: 7032885205986186020}
  m_LocalRotation: {x: -0, y: -0, z: -0, w: 1}
  m_LocalPosition: {x: 0, y: 0.5, z: 0}
  m_LocalScale: {x: 1, y: 1, z: 2}
  m_Children:
  - {fileID: 7032885206646142344}
  - {fileID: 1599558296475694823}
  - {fileID: 2472883482960524678}
  - {fileID: 531502529374392542}
  - {fileID: 7804564520993858043}
  m_Father: {fileID: 7032885206205397667}
  m_RootOrder: 0
  m_LocalEulerAnglesHint: {x: 0, y: 0, z: 0}
--- !u!33 &7032885205986186017
MeshFilter:
  m_ObjectHideFlags: 0
  m_CorrespondingSourceObject: {fileID: 0}
  m_PrefabInstance: {fileID: 0}
  m_PrefabAsset: {fileID: 0}
  m_GameObject: {fileID: 7032885205986186020}
  m_Mesh: {fileID: 10202, guid: 0000000000000000e000000000000000, type: 0}
--- !u!23 &7032885205986186018
MeshRenderer:
  m_ObjectHideFlags: 0
  m_CorrespondingSourceObject: {fileID: 0}
  m_PrefabInstance: {fileID: 0}
  m_PrefabAsset: {fileID: 0}
  m_GameObject: {fileID: 7032885205986186020}
  m_Enabled: 1
  m_CastShadows: 1
  m_ReceiveShadows: 1
  m_DynamicOccludee: 1
  m_MotionVectors: 1
  m_LightProbeUsage: 1
  m_ReflectionProbeUsage: 1
  m_RayTracingMode: 2
  m_RenderingLayerMask: 1
  m_RendererPriority: 0
  m_Materials:
  - {fileID: 2100000, guid: f143b3598f8d54521a6f9dff48aa2e97, type: 2}
  m_StaticBatchInfo:
    firstSubMesh: 0
    subMeshCount: 0
  m_StaticBatchRoot: {fileID: 0}
  m_ProbeAnchor: {fileID: 0}
  m_LightProbeVolumeOverride: {fileID: 0}
  m_ScaleInLightmap: 1
  m_ReceiveGI: 1
  m_PreserveUVs: 0
  m_IgnoreNormalsForChartDetection: 0
  m_ImportantGI: 0
  m_StitchLightmapSeams: 1
  m_SelectedEditorRenderState: 3
  m_MinimumChartSize: 4
  m_AutoUVMaxDistance: 0.5
  m_AutoUVMaxAngle: 89
  m_LightmapParameters: {fileID: 0}
  m_SortingLayerID: 0
  m_SortingLayer: 0
  m_SortingOrder: 0
--- !u!1 &7032885206205397671
GameObject:
  m_ObjectHideFlags: 0
  m_CorrespondingSourceObject: {fileID: 0}
  m_PrefabInstance: {fileID: 0}
  m_PrefabAsset: {fileID: 0}
  serializedVersion: 6
  m_Component:
  - component: {fileID: 7032885206205397667}
  - component: {fileID: 166742843696444002}
  - component: {fileID: 3032926806415722445}
  - component: {fileID: 9158077909076961116}
  - component: {fileID: 9058403330652978075}
  - component: {fileID: 5420099338536969760}
  - component: {fileID: -9046856398654981036}
  - component: {fileID: 3109207371585709376}
  - component: {fileID: 4039920732797636256}
  m_Layer: 8
  m_Name: Car (1)
  m_TagString: Untagged
  m_Icon: {fileID: 0}
  m_NavMeshLayer: 0
  m_StaticEditorFlags: 0
  m_IsActive: 1
--- !u!4 &7032885206205397667
Transform:
  m_ObjectHideFlags: 0
  m_CorrespondingSourceObject: {fileID: 0}
  m_PrefabInstance: {fileID: 0}
  m_PrefabAsset: {fileID: 0}
  m_GameObject: {fileID: 7032885206205397671}
  m_LocalRotation: {x: 0, y: 0, z: 0, w: 1}
  m_LocalPosition: {x: 0, y: 0, z: 0}
  m_LocalScale: {x: 1, y: 1, z: 1}
  m_Children:
  - {fileID: 7032885205986186016}
  - {fileID: 8804930524407005834}
  m_Father: {fileID: 0}
  m_RootOrder: 0
  m_LocalEulerAnglesHint: {x: 0, y: 0, z: 0}
--- !u!114 &166742843696444002
MonoBehaviour:
  m_ObjectHideFlags: 0
  m_CorrespondingSourceObject: {fileID: 0}
  m_PrefabInstance: {fileID: 0}
  m_PrefabAsset: {fileID: 0}
  m_GameObject: {fileID: 7032885206205397671}
  m_Enabled: 1
  m_EditorHideFlags: 0
  m_Script: {fileID: 11500000, guid: b275e5f92732148048d7b77e264ac30e, type: 3}
  m_Name: 
  m_EditorClassIdentifier: 
  m_ShapeType: 0
  m_PrimitiveCenter:
    x: 0
    y: 0.5
    z: 0
  m_PrimitiveSize:
    x: 1
    y: 2
    z: 2
  m_PrimitiveOrientation:
    Value:
      x: -0
      y: 0
      z: 0
    RotationOrder: 4
  m_Capsule:
    Height: 2
    Radius: 1
    Axis: 2
  m_Cylinder:
    Height: 1
    Radius: 1
    Axis: 0
  m_CylinderSideCount: 20
  m_SphereRadius: 1
  m_MinimumSkinnedVertexWeight: 0.1
  m_ConvexHullGenerationParameters:
    m_SimplificationTolerance: 0.03
    m_BevelRadius: 0
    m_MinimumAngle: 2.5000002
  m_CustomMesh: {fileID: 0}
  m_ForceUnique: 0
  m_Material:
    m_SupportsTemplate: 1
    m_Template: {fileID: 0}
    m_IsTrigger:
      m_Override: 0
      m_Value: 0
    m_Friction:
      m_Override: 0
      m_Value:
        Value: 0
        CombineMode: 0
    m_Restitution:
      m_Override: 0
      m_Value:
        Value: 0
        CombineMode: 2
    m_BelongsTo:
      m_Override: 0
      m_Value: 0101010101010101010101010101010101010101010101010101010101010101
    m_CollidesWith:
      m_Override: 0
      m_Value: 0101010101010101010101010101010101010101010101010101010101010101
    m_RaisesCollisionEvents:
      m_Override: 0
      m_Value: 0
    m_CustomTags:
      m_Override: 0
      m_Value: 0000000000000000
  m_ConvexRadius_Deprecated: -1
--- !u!114 &3032926806415722445
MonoBehaviour:
  m_ObjectHideFlags: 0
  m_CorrespondingSourceObject: {fileID: 0}
  m_PrefabInstance: {fileID: 0}
  m_PrefabAsset: {fileID: 0}
  m_GameObject: {fileID: 7032885206205397671}
  m_Enabled: 1
  m_EditorHideFlags: 0
  m_Script: {fileID: 11500000, guid: ccea9ea98e38942e0b0938c27ed1903e, type: 3}
  m_Name: 
  m_EditorClassIdentifier: 
  m_MotionType: 0
  m_Mass: 1
  m_LinearDamping: 0
  m_AngularDamping: 0
  m_InitialLinearVelocity:
    x: 0
    y: 0
    z: 0
  m_InitialAngularVelocity:
    x: 0
    y: 0
    z: 0
  m_GravityFactor: 0
  m_OverrideDefaultMassDistribution: 0
  m_CenterOfMass:
    x: 0
    y: 0
    z: 0
  m_Orientation:
    Value:
      x: 0
      y: 0
      z: 0
    RotationOrder: 4
  m_InertiaTensor:
    x: 0.4
    y: 0.4
    z: 0.4
  m_CustomTags:
    Tag00: 0
    Tag01: 0
    Tag02: 0
    Tag03: 0
    Tag04: 0
    Tag05: 0
    Tag06: 0
    Tag07: 0
--- !u!114 &9158077909076961116
MonoBehaviour:
  m_ObjectHideFlags: 0
  m_CorrespondingSourceObject: {fileID: 0}
  m_PrefabInstance: {fileID: 0}
  m_PrefabAsset: {fileID: 0}
  m_GameObject: {fileID: 7032885206205397671}
  m_Enabled: 1
  m_EditorHideFlags: 0
  m_Script: {fileID: 11500000, guid: 70ccaff9914994c01937807908a2ab6a, type: 3}
  m_Name: 
  m_EditorClassIdentifier: 
  value: 1
--- !u!114 &9058403330652978075
MonoBehaviour:
  m_ObjectHideFlags: 0
  m_CorrespondingSourceObject: {fileID: 0}
  m_PrefabInstance: {fileID: 0}
  m_PrefabAsset: {fileID: 0}
  m_GameObject: {fileID: 7032885206205397671}
  m_Enabled: 1
  m_EditorHideFlags: 0
  m_Script: {fileID: 11500000, guid: 0c4dfde566639415591c8f084e2d6514, type: 3}
  m_Name: 
  m_EditorClassIdentifier: 
  value:
    x: 0
    y: 3
    z: 0
--- !u!114 &5420099338536969760
MonoBehaviour:
  m_ObjectHideFlags: 0
  m_CorrespondingSourceObject: {fileID: 0}
  m_PrefabInstance: {fileID: 0}
  m_PrefabAsset: {fileID: 0}
  m_GameObject: {fileID: 7032885206205397671}
  m_Enabled: 1
  m_EditorHideFlags: 0
  m_Script: {fileID: 11500000, guid: e84ad5d7db5fb44e5b88f0fa1b2dde4e, type: 3}
  m_Name: 
  m_EditorClassIdentifier: 
--- !u!114 &-9046856398654981036
MonoBehaviour:
  m_ObjectHideFlags: 0
  m_CorrespondingSourceObject: {fileID: 0}
  m_PrefabInstance: {fileID: 0}
  m_PrefabAsset: {fileID: 0}
  m_GameObject: {fileID: 7032885206205397671}
  m_Enabled: 1
  m_EditorHideFlags: 0
  m_Script: {fileID: 11500000, guid: cc5537b7715594e9d8abbae6fe208c63, type: 3}
  m_Name: 
  m_EditorClassIdentifier: 
  value: 0
--- !u!114 &3109207371585709376
MonoBehaviour:
  m_ObjectHideFlags: 0
  m_CorrespondingSourceObject: {fileID: 0}
  m_PrefabInstance: {fileID: 0}
  m_PrefabAsset: {fileID: 0}
  m_GameObject: {fileID: 7032885206205397671}
  m_Enabled: 1
  m_EditorHideFlags: 0
  m_Script: {fileID: 11500000, guid: e1b111354da1643c198f4b02f85e0253, type: 3}
  m_Name: 
  m_EditorClassIdentifier: 
  value:
    x: 0
    y: 0
    z: 10
  initialValue:
    x: 0
    y: 0
    z: 0
--- !u!114 &4039920732797636256
MonoBehaviour:
  m_ObjectHideFlags: 0
  m_CorrespondingSourceObject: {fileID: 0}
  m_PrefabInstance: {fileID: 0}
  m_PrefabAsset: {fileID: 0}
  m_GameObject: {fileID: 7032885206205397671}
  m_Enabled: 1
  m_EditorHideFlags: 0
  m_Script: {fileID: 11500000, guid: 5fea29bb7c508c244a1f805a5fd3fc4d, type: 3}
  m_Name: 
  m_EditorClassIdentifier: 
  outlineMode: 1
  outlineColor: {r: 1, g: 1, b: 1, a: 1}
  outlineWidth: 5
  precomputeOutline: 1
  bakeKeys:
  - {fileID: 10202, guid: 0000000000000000e000000000000000, type: 0}
  - {fileID: 10207, guid: 0000000000000000e000000000000000, type: 0}
  - {fileID: 10206, guid: 0000000000000000e000000000000000, type: 0}
  bakeValues:
  - data:
    - {x: 0.57735026, y: -0.57735026, z: 0.57735026}
    - {x: -0.57735026, y: -0.57735026, z: 0.57735026}
    - {x: 0.57735026, y: 0.57735026, z: 0.57735026}
    - {x: -0.57735026, y: 0.57735026, z: 0.57735026}
    - {x: 0.57735026, y: 0.57735026, z: -0.57735026}
    - {x: -0.57735026, y: 0.57735026, z: -0.57735026}
    - {x: 0.57735026, y: -0.57735026, z: -0.57735026}
    - {x: -0.57735026, y: -0.57735026, z: -0.57735026}
    - {x: 0.57735026, y: 0.57735026, z: 0.57735026}
    - {x: -0.57735026, y: 0.57735026, z: 0.57735026}
    - {x: 0.57735026, y: 0.57735026, z: -0.57735026}
    - {x: -0.57735026, y: 0.57735026, z: -0.57735026}
    - {x: 0.57735026, y: -0.57735026, z: -0.57735026}
    - {x: 0.57735026, y: -0.57735026, z: 0.57735026}
    - {x: -0.57735026, y: -0.57735026, z: 0.57735026}
    - {x: -0.57735026, y: -0.57735026, z: -0.57735026}
    - {x: -0.57735026, y: -0.57735026, z: 0.57735026}
    - {x: -0.57735026, y: 0.57735026, z: 0.57735026}
    - {x: -0.57735026, y: 0.57735026, z: -0.57735026}
    - {x: -0.57735026, y: -0.57735026, z: -0.57735026}
    - {x: 0.57735026, y: -0.57735026, z: -0.57735026}
    - {x: 0.57735026, y: 0.57735026, z: -0.57735026}
    - {x: 0.57735026, y: 0.57735026, z: 0.57735026}
    - {x: 0.57735026, y: -0.57735026, z: 0.57735026}
  - data:
    - {x: 0.57735026, y: -0.57735026, z: -0.5773503}
    - {x: 0.57735026, y: -0.57735026, z: 0.5773503}
    - {x: -0.57735026, y: -0.57735026, z: -0.5773503}
    - {x: -0.5773503, y: -0.57735026, z: 0.57735026}
    - {x: 0.5770534, y: 0.5779435, z: -0.5770534}
    - {x: 0.5770534, y: 0.5779435, z: 0.5770534}
    - {x: -0.5770534, y: 0.5779435, z: -0.5770534}
    - {x: -0.5770534, y: 0.5779435, z: 0.5770534}
    - {x: 0, y: -1, z: 0}
    - {x: 0, y: 1, z: 0}
    - {x: 0.99997497, y: -0.0070271874, z: -0.0009141061}
    - {x: 0, y: -0.006783585, z: 0.999977}
    - {x: -0.99997485, y: -0.0070275087, z: -0.0009139704}
    - {x: 0, y: -0.007271087, z: -0.99997354}
    - {x: 0, y: -0.70710677, z: -0.70710677}
    - {x: -0.70710677, y: -0.7071068, z: 0}
    - {x: 0, y: -0.70710665, z: 0.7071069}
    - {x: 0.7071068, y: -0.70710677, z: 0}
    - {x: 0.7072056, y: 0.707008, z: 0}
    - {x: 0, y: 0.707008, z: 0.7072056}
    - {x: -0.7072056, y: 0.707008, z: 0}
    - {x: 0, y: 0.707008, z: -0.7072056}
    - {x: 0.70707804, y: -0.009016315, z: 0.7070781}
    - {x: 0.7070716, y: -0.009976584, z: -0.7070716}
    - {x: -0.7070781, y: -0.009016315, z: 0.70707804}
    - {x: -0.7070716, y: -0.009976553, z: -0.70707154}
    - {x: 0.4805394, y: -0.6201137, z: -0.6201137}
    - {x: 0.3410981, y: -0.66470003, z: -0.6647}
    - {x: 0.17693341, y: -0.6959506, z: -0.6959506}
    - {x: -0.48054004, y: -0.620114, z: -0.62011284}
    - {x: -0.34109834, y: -0.6647008, z: -0.66469896}
    - {x: -0.17693298, y: -0.695951, z: -0.69595045}
    - {x: -0.6201137, y: -0.6201137, z: -0.4805394}
    - {x: -0.6647, y: -0.66470003, z: -0.3410981}
    - {x: -0.6959506, y: -0.6959506, z: -0.17693341}
    - {x: -0.62011284, y: -0.620114, z: 0.48054004}
    - {x: -0.66469896, y: -0.6647008, z: 0.34109834}
    - {x: -0.69595045, y: -0.695951, z: 0.17693298}
    - {x: -0.4805394, y: -0.6201137, z: 0.6201137}
    - {x: -0.34109792, y: -0.6646999, z: 0.66470015}
    - {x: -0.17693326, y: -0.6959505, z: 0.69595087}
    - {x: 0.48054004, y: -0.620114, z: 0.62011284}
    - {x: 0.34109816, y: -0.66470075, z: 0.6646992}
    - {x: 0.17693284, y: -0.69595075, z: 0.6959507}
    - {x: 0.6201137, y: -0.6201137, z: 0.4805394}
    - {x: 0.6647, y: -0.66470003, z: 0.3410981}
    - {x: 0.6959507, y: -0.6959506, z: 0.17693342}
    - {x: 0.6201137, y: -0.6201137, z: -0.4805394}
    - {x: 0.6647, y: -0.66470003, z: -0.3410981}
    - {x: 0.6959506, y: -0.6959507, z: -0.17693342}
    - {x: 0.61990535, y: 0.6204593, z: -0.48036185}
    - {x: 0.66459566, y: 0.66465217, z: -0.34139442}
    - {x: 0.6960513, y: 0.69586915, z: -0.17685804}
    - {x: 0.61990535, y: 0.6204593, z: 0.48036185}
    - {x: 0.66459537, y: 0.6646523, z: 0.34139463}
    - {x: 0.69605106, y: 0.6958694, z: 0.17685807}
    - {x: 0.48036185, y: 0.6204593, z: 0.61990535}
    - {x: 0.34139463, y: 0.6646523, z: 0.66459537}
    - {x: 0.17685814, y: 0.6958693, z: 0.69605106}
    - {x: -0.48036185, y: 0.6204593, z: 0.61990535}
    - {x: -0.34139463, y: 0.6646523, z: 0.66459537}
    - {x: -0.17685808, y: 0.6958694, z: 0.69605106}
    - {x: -0.61990535, y: 0.6204593, z: 0.48036185}
    - {x: -0.66459537, y: 0.6646523, z: 0.34139463}
    - {x: -0.69605106, y: 0.6958693, z: 0.17685813}
    - {x: -0.61990535, y: 0.6204593, z: -0.48036185}
    - {x: -0.66459537, y: 0.6646523, z: -0.34139463}
    - {x: -0.69605106, y: 0.6958693, z: -0.17685813}
    - {x: -0.48036185, y: 0.6204593, z: -0.61990535}
    - {x: -0.34139428, y: 0.6646524, z: -0.66459554}
    - {x: -0.17685792, y: 0.6958694, z: -0.6960511}
    - {x: 0.48036185, y: 0.6204593, z: -0.61990535}
    - {x: 0.34139442, y: 0.66465217, z: -0.66459566}
    - {x: 0.17685792, y: 0.69586915, z: -0.6960513}
    - {x: 0.6201132, y: -0.4805407, z: 0.6201132}
    - {x: 0.66469985, y: -0.3410986, z: 0.6646998}
    - {x: 0.69503826, y: -0.18396656, z: 0.69503826}
    - {x: 0.6199811, y: 0.4808831, z: 0.6199798}
    - {x: 0.6646252, y: 0.3413929, z: 0.6646234}
    - {x: 0.69618523, y: 0.17508024, z: 0.69618464}
    - {x: 0.6199811, y: 0.4808831, z: -0.6199798}
    - {x: 0.6646252, y: 0.3413929, z: -0.6646234}
    - {x: 0.6959636, y: 0.17683363, z: -0.6959631}
    - {x: 0.6201132, y: -0.4805407, z: -0.6201132}
    - {x: 0.66469985, y: -0.3410986, z: -0.6646998}
    - {x: 0.6946789, y: -0.18666106, z: -0.69467896}
    - {x: -0.6201137, y: -0.4805394, z: 0.6201137}
    - {x: -0.6647, y: -0.3410981, z: 0.66470003}
    - {x: -0.69503814, y: -0.18396747, z: 0.69503814}
    - {x: -0.61998016, y: 0.48088375, z: 0.6199802}
    - {x: -0.6646242, y: 0.34139317, z: 0.6646242}
    - {x: -0.696185, y: 0.17507976, z: 0.696185}
    - {x: -0.6201137, y: -0.4805394, z: -0.6201137}
    - {x: -0.66470003, y: -0.3410981, z: -0.6647}
    - {x: -0.69467884, y: -0.18666197, z: -0.69467884}
    - {x: -0.6199802, y: 0.48088375, z: -0.61998016}
    - {x: -0.6646242, y: 0.34139317, z: -0.6646242}
    - {x: -0.6959634, y: 0.1768332, z: -0.6959634}
    - {x: 0, y: -0.8287514, z: -0.559617}
    - {x: 0, y: -0.92124933, z: -0.3889727}
    - {x: 0, y: -0.9791253, z: -0.2032574}
    - {x: -0.559617, y: -0.8287514, z: 0}
    - {x: -0.38897312, y: -0.92124915, z: 0}
    - {x: -0.2032576, y: -0.9791253, z: 0}
    - {x: 0, y: -0.8287514, z: 0.559617}
    - {x: 0, y: -0.92124933, z: 0.3889727}
    - {x: 0, y: -0.9791253, z: 0.2032574}
    - {x: 0.559617, y: -0.8287514, z: 0}
    - {x: 0.3889727, y: -0.92124933, z: 0}
    - {x: 0.20325732, y: -0.9791253, z: 0}
    - {x: 0.5594022, y: 0.8288963, z: 0}
    - {x: 0.38834122, y: 0.9215156, z: 0}
    - {x: 0.20144607, y: 0.9794996, z: 0}
    - {x: 0, y: 0.8288963, z: 0.5594022}
    - {x: 0, y: 0.9215159, z: 0.38834074}
    - {x: 0, y: 0.9794996, z: 0.2014458}
    - {x: -0.5594023, y: 0.82889634, z: 0}
    - {x: -0.3883408, y: 0.9215159, z: 0}
    - {x: -0.20144576, y: 0.9794997, z: 0}
    - {x: 0, y: 0.8288963, z: -0.5594023}
    - {x: 0, y: 0.92151576, z: -0.3883408}
    - {x: 0, y: 0.9794996, z: -0.2014458}
    - {x: 0.82875144, y: -0.559617, z: 0}
    - {x: 0.92124915, y: -0.38897315, z: 0}
    - {x: 0.97827977, y: -0.20728862, z: -0.00033744177}
    - {x: 0.83062214, y: -0.008560009, z: 0.5567707}
    - {x: 0.9230274, y: -0.007569675, z: 0.3846596}
    - {x: 0.98043764, y: -0.0069101085, z: 0.19670859}
    - {x: 0.82918096, y: 0.55898035, z: 0}
    - {x: 0.92161196, y: 0.38811255, z: 0}
    - {x: 0.9797031, y: 0.2004529, z: -0.00057549594}
    - {x: 0.8290441, y: -0.009544022, z: -0.55910176}
    - {x: 0.92147684, y: -0.00855847, z: -0.38833913}
    - {x: 0.97979915, y: -0.007640349, z: -0.19983792}
    - {x: 0, y: -0.559617, z: 0.8287514}
    - {x: 0, y: -0.38897327, z: 0.92124903}
    - {x: 0, y: -0.20761144, z: 0.9782113}
    - {x: -0.5567707, y: -0.008560009, z: 0.83062214}
    - {x: -0.3846596, y: -0.007569675, z: 0.9230274}
    - {x: -0.19670866, y: -0.006910208, z: 0.98043764}
    - {x: 0, y: 0.55898035, z: 0.82918096}
    - {x: 0, y: 0.38811287, z: 0.9216118}
    - {x: 0, y: 0.20101017, z: 0.97958916}
    - {x: 0.5567707, y: -0.008560009, z: 0.83062214}
    - {x: 0.3846596, y: -0.007569675, z: 0.9230274}
    - {x: 0.19670875, y: -0.0069102035, z: 0.9804376}
    - {x: -0.8287513, y: -0.5596169, z: 0}
    - {x: -0.92124933, y: -0.3889727, z: 0}
    - {x: -0.97827977, y: -0.20728834, z: -0.00033734587}
    - {x: -0.8290441, y: -0.009543983, z: -0.55910176}
    - {x: -0.92147684, y: -0.008558429, z: -0.38833913}
    - {x: -0.9797992, y: -0.007640469, z: -0.19983783}
    - {x: -0.82918096, y: 0.55898035, z: 0}
    - {x: -0.92161185, y: 0.38811284, z: 0}
    - {x: -0.9797031, y: 0.20045324, z: -0.00057532295}
    - {x: -0.83062214, y: -0.008560009, z: 0.5567707}
    - {x: -0.9230274, y: -0.007569675, z: 0.3846596}
    - {x: -0.98043764, y: -0.0069102887, z: 0.19670865}
    - {x: 0, y: -0.559617, z: -0.8287514}
    - {x: 0, y: -0.38897315, z: -0.92124915}
    - {x: 0, y: -0.20696576, z: -0.9783482}
    - {x: 0.55910176, y: -0.009544019, z: -0.8290441}
    - {x: 0.38833904, y: -0.008558459, z: -0.92147684}
    - {x: 0.19983783, y: -0.007640359, z: -0.9797992}
    - {x: 0, y: 0.5589804, z: -0.82918084}
    - {x: 0, y: 0.38811302, z: -0.9216118}
    - {x: 0, y: 0.19989617, z: -0.9798171}
    - {x: -0.55910176, y: -0.0095439935, z: -0.8290441}
    - {x: -0.38833907, y: -0.008558438, z: -0.92147684}
    - {x: -0.199838, y: -0.007640417, z: -0.97979915}
    - {x: 0.49635273, y: -0.7122274, z: -0.49635273}
    - {x: 0.3492379, y: -0.7746143, z: -0.52726233}
    - {x: 0.18054369, y: -0.8148397, z: -0.5508541}
    - {x: 0.52726233, y: -0.7746143, z: -0.3492379}
    - {x: 0.36701944, y: -0.8547476, z: -0.36701944}
    - {x: 0.18873115, y: -0.9043397, z: -0.38281876}
    - {x: 0.55085415, y: -0.8148397, z: -0.18054369}
    - {x: 0.3828188, y: -0.9043397, z: -0.18873115}
    - {x: 0.19821139, y: -0.95990855, z: -0.19821142}
    - {x: -0.49635273, y: -0.7122274, z: -0.49635273}
    - {x: -0.52726233, y: -0.7746143, z: -0.3492379}
    - {x: -0.5508541, y: -0.8148397, z: -0.18054374}
    - {x: -0.3492379, y: -0.7746143, z: -0.52726233}
    - {x: -0.36701944, y: -0.8547476, z: -0.36701944}
    - {x: -0.382819, y: -0.9043396, z: -0.18873142}
    - {x: -0.18054374, y: -0.8148397, z: -0.55085415}
    - {x: -0.18873118, y: -0.9043397, z: -0.38281876}
    - {x: -0.19821154, y: -0.95990855, z: -0.19821173}
    - {x: -0.49635273, y: -0.7122274, z: 0.49635273}
    - {x: -0.3492379, y: -0.7746143, z: 0.52726233}
    - {x: -0.18054374, y: -0.8148397, z: 0.5508541}
    - {x: -0.52726233, y: -0.7746143, z: 0.3492379}
    - {x: -0.36701944, y: -0.8547476, z: 0.36701944}
    - {x: -0.18873118, y: -0.9043397, z: 0.38281876}
    - {x: -0.55085415, y: -0.8148397, z: 0.18054374}
    - {x: -0.382819, y: -0.9043396, z: 0.18873142}
    - {x: -0.19821154, y: -0.95990855, z: 0.19821173}
    - {x: 0.49635273, y: -0.7122274, z: 0.49635273}
    - {x: 0.52726233, y: -0.7746143, z: 0.3492379}
    - {x: 0.5508541, y: -0.8148397, z: 0.18054374}
    - {x: 0.3492379, y: -0.7746143, z: 0.52726233}
    - {x: 0.36701944, y: -0.8547476, z: 0.36701944}
    - {x: 0.38281876, y: -0.9043397, z: 0.18873115}
    - {x: 0.18054375, y: -0.8148397, z: 0.5508541}
    - {x: 0.18873115, y: -0.9043397, z: 0.38281876}
    - {x: 0.19821139, y: -0.95990855, z: 0.19821142}
    - {x: 0.4962236, y: 0.71240735, z: -0.4962236}
    - {x: 0.52712536, y: 0.7745599, z: -0.34956506}
    - {x: 0.55067927, y: 0.8149741, z: -0.18047006}
    - {x: 0.34956506, y: 0.7745599, z: -0.52712536}
    - {x: 0.36685884, y: 0.85488546, z: -0.36685884}
    - {x: 0.38225284, y: 0.90462065, z: -0.18853198}
    - {x: 0.18046997, y: 0.81497425, z: -0.5506793}
    - {x: 0.18853171, y: 0.90462077, z: -0.38225263}
    - {x: 0.19720869, y: 0.9603215, z: -0.19720891}
    - {x: 0.4962236, y: 0.71240735, z: 0.4962236}
    - {x: 0.34956506, y: 0.7745599, z: 0.52712536}
    - {x: 0.18047006, y: 0.8149741, z: 0.55067927}
    - {x: 0.52712536, y: 0.7745599, z: 0.34956506}
    - {x: 0.36685884, y: 0.85488546, z: 0.36685884}
    - {x: 0.18853177, y: 0.90462077, z: 0.38225263}
    - {x: 0.5506793, y: 0.81497425, z: 0.18047003}
    - {x: 0.38225287, y: 0.90462065, z: 0.18853195}
    - {x: 0.19720873, y: 0.9603215, z: 0.19720885}
    - {x: -0.4962236, y: 0.71240735, z: 0.4962236}
    - {x: -0.52712536, y: 0.7745599, z: 0.34956506}
    - {x: -0.5506793, y: 0.81497425, z: 0.18047008}
    - {x: -0.34956506, y: 0.7745599, z: 0.52712536}
    - {x: -0.36685884, y: 0.85488546, z: 0.36685884}
    - {x: -0.38225263, y: 0.90462077, z: 0.18853177}
    - {x: -0.18047003, y: 0.81497425, z: 0.5506793}
    - {x: -0.18853176, y: 0.90462077, z: 0.38225263}
    - {x: -0.19720863, y: 0.9603216, z: 0.19720863}
    - {x: -0.4962236, y: 0.71240735, z: -0.4962236}
    - {x: -0.3495646, y: 0.77456015, z: -0.5271254}
    - {x: -0.18046977, y: 0.81497425, z: -0.5506793}
    - {x: -0.52712536, y: 0.7745599, z: -0.34956506}
    - {x: -0.36685866, y: 0.85488546, z: -0.36685908}
    - {x: -0.18853162, y: 0.90462065, z: -0.38225293}
    - {x: -0.5506793, y: 0.81497425, z: -0.18047003}
    - {x: -0.38225263, y: 0.90462077, z: -0.18853177}
    - {x: -0.19720863, y: 0.9603216, z: -0.19720858}
    - {x: 0.7122266, y: -0.4963542, z: -0.4963524}
    - {x: 0.7746142, y: -0.5272629, z: -0.34923717}
    - {x: 0.8148397, y: -0.5508541, z: -0.18054375}
    - {x: 0.7746139, y: -0.3492387, z: -0.5272623}
    - {x: 0.8547479, y: -0.36701968, z: -0.36701828}
    - {x: 0.9043396, y: -0.382819, z: -0.18873142}
    - {x: 0.8134452, y: -0.18982503, z: -0.549794}
    - {x: 0.90286976, y: -0.1970319, z: -0.38210568}
    - {x: 0.95909977, y: -0.20404018, z: -0.19620207}
    - {x: 0.7122266, y: -0.4963542, z: 0.4963524}
    - {x: 0.7746139, y: -0.3492387, z: 0.5272623}
    - {x: 0.8145636, y: -0.1877707, z: 0.5488426}
    - {x: 0.7746142, y: -0.52726305, z: 0.34923714}
    - {x: 0.8547479, y: -0.36701968, z: 0.36701828}
    - {x: 0.90377635, y: -0.19634312, z: 0.3803126}
    - {x: 0.8148397, y: -0.55085397, z: 0.18054369}
    - {x: 0.9043396, y: -0.382819, z: 0.18873139}
    - {x: 0.9593295, y: -0.20436198, z: 0.19473855}
    - {x: 0.7125368, y: 0.4964059, z: 0.49585536}
    - {x: 0.7749057, y: 0.52686495, z: 0.34919122}
    - {x: 0.81526285, y: 0.55024487, z: 0.18049149}
    - {x: 0.7750265, y: 0.3493735, z: 0.52656627}
    - {x: 0.8552524, y: 0.36651918, z: 0.36634275}
    - {x: 0.90472347, y: 0.38195258, z: 0.1886469}
    - {x: 0.8163346, y: 0.1793894, z: 0.54901475}
    - {x: 0.90553916, y: 0.18887143, z: 0.379903}
    - {x: 0.96072304, y: 0.19756491, z: 0.19488259}
    - {x: 0.7125368, y: 0.4964059, z: -0.49585536}
    - {x: 0.7750265, y: 0.3493734, z: -0.5265662}
    - {x: 0.8153886, y: 0.18047948, z: -0.55006224}
    - {x: 0.77490586, y: 0.526865, z: -0.3491908}
    - {x: 0.8552524, y: 0.36651942, z: -0.3663425}
    - {x: 0.9048201, y: 0.18859024, z: -0.38175157}
    - {x: 0.81526285, y: 0.5502449, z: -0.1804913}
    - {x: 0.9047233, y: 0.38195288, z: -0.18864691}
    - {x: 0.9605871, y: 0.19652273, z: -0.1965994}
    - {x: 0.4963539, y: -0.4963539, z: 0.7122259}
    - {x: 0.34923744, y: -0.527263, z: 0.7746141}
    - {x: 0.18054253, y: -0.5508541, z: 0.81483996}
    - {x: 0.5272629, y: -0.3492379, z: 0.7746139}
    - {x: 0.3670184, y: -0.36701882, z: 0.85474825}
    - {x: 0.1887308, y: -0.38281885, z: 0.9043397}
    - {x: 0.5488426, y: -0.1877707, z: 0.8145636}
    - {x: 0.38031262, y: -0.19634308, z: 0.90377635}
    - {x: 0.19473863, y: -0.20436198, z: 0.9593295}
    - {x: -0.49635273, y: -0.49635273, z: 0.7122274}
    - {x: -0.52726233, y: -0.3492379, z: 0.7746143}
    - {x: -0.5488427, y: -0.18777162, z: 0.81456345}
    - {x: -0.3492375, y: -0.5272624, z: 0.77461445}
    - {x: -0.36701918, y: -0.36701968, z: 0.8547476}
    - {x: -0.380313, y: -0.19634354, z: 0.90377605}
    - {x: -0.18054336, y: -0.5508541, z: 0.8148397}
    - {x: -0.18873121, y: -0.38281924, z: 0.9043395}
    - {x: -0.19473857, y: -0.20436198, z: 0.9593295}
    - {x: -0.495855, y: 0.49640733, z: 0.71253604}
    - {x: -0.34919047, y: 0.52686566, z: 0.7749056}
    - {x: -0.1804915, y: 0.55024487, z: 0.81526285}
    - {x: -0.52656627, y: 0.34937415, z: 0.7750263}
    - {x: -0.36634156, y: 0.36651945, z: 0.85525274}
    - {x: -0.18864714, y: 0.3819528, z: 0.9047233}
    - {x: -0.54901475, y: 0.17938851, z: 0.81633484}
    - {x: -0.3799026, y: 0.188871, z: 0.90553945}
    - {x: -0.1948829, y: 0.19756508, z: 0.9607229}
    - {x: 0.495855, y: 0.49640733, z: 0.71253604}
    - {x: 0.52656627, y: 0.34937415, z: 0.7750263}
    - {x: 0.5490148, y: 0.1793885, z: 0.8163348}
    - {x: 0.34919044, y: 0.5268656, z: 0.7749056}
    - {x: 0.36634162, y: 0.36651945, z: 0.85525274}
    - {x: 0.3799026, y: 0.188871, z: 0.90553945}
    - {x: 0.18049157, y: 0.5502448, z: 0.8152628}
    - {x: 0.18864724, y: 0.38195282, z: 0.9047233}
    - {x: 0.194883, y: 0.19756511, z: 0.9607229}
    - {x: -0.7122266, y: -0.4963524, z: 0.4963542}
    - {x: -0.7746139, y: -0.5272623, z: 0.3492387}
    - {x: -0.8148399, y: -0.55085415, z: 0.18054286}
    - {x: -0.7746142, y: -0.34923714, z: 0.52726305}
    - {x: -0.8547479, y: -0.36701828, z: 0.36701968}
    - {x: -0.90433997, y: -0.38281837, z: 0.18873075}
    - {x: -0.81456345, y: -0.18777162, z: 0.5488427}
    - {x: -0.90377605, y: -0.19634354, z: 0.380313}
    - {x: -0.95932955, y: -0.20436183, z: 0.19473825}
    - {x: -0.7122274, y: -0.49635273, z: -0.49635273}
    - {x: -0.7746143, y: -0.3492379, z: -0.52726233}
    - {x: -0.81344503, y: -0.18982588, z: -0.54979384}
    - {x: -0.7746143, y: -0.52726233, z: -0.3492379}
    - {x: -0.8547476, y: -0.36701944, z: -0.36701944}
    - {x: -0.90286946, y: -0.1970323, z: -0.382106}
    - {x: -0.8148397, y: -0.550854, z: -0.18054369}
    - {x: -0.9043397, y: -0.38281876, z: -0.18873115}
    - {x: -0.9590999, y: -0.20404005, z: -0.19620167}
    - {x: -0.71253604, y: 0.49640733, z: -0.495855}
    - {x: -0.7749056, y: 0.52686566, z: -0.34919047}
    - {x: -0.81526285, y: 0.55024487, z: -0.18049152}
    - {x: -0.7750263, y: 0.34937415, z: -0.52656627}
    - {x: -0.85525274, y: 0.36651945, z: -0.36634156}
    - {x: -0.9047233, y: 0.3819528, z: -0.1886472}
    - {x: -0.81538886, y: 0.18047863, z: -0.55006224}
    - {x: -0.9048204, y: 0.18858981, z: -0.38175115}
    - {x: -0.96058697, y: 0.19652289, z: -0.19659959}
    - {x: -0.71253604, y: 0.49640733, z: 0.495855}
    - {x: -0.7750263, y: 0.34937415, z: 0.52656627}
    - {x: -0.8163348, y: 0.1793885, z: 0.5490148}
    - {x: -0.7749056, y: 0.5268656, z: 0.34919044}
    - {x: -0.85525274, y: 0.36651945, z: 0.36634162}
    - {x: -0.90553945, y: 0.188871, z: 0.3799026}
    - {x: -0.8152628, y: 0.5502448, z: 0.18049154}
    - {x: -0.9047233, y: 0.3819528, z: 0.18864718}
    - {x: -0.9607229, y: 0.19756508, z: 0.19488296}
    - {x: -0.4963542, y: -0.4963524, z: -0.7122266}
    - {x: -0.3492387, y: -0.5272623, z: -0.7746139}
    - {x: -0.18054284, y: -0.5508541, z: -0.8148399}
    - {x: -0.52726305, y: -0.34923714, z: -0.7746142}
    - {x: -0.36701968, y: -0.36701828, z: -0.8547479}
    - {x: -0.18873094, y: -0.38281855, z: -0.9043399}
    - {x: -0.54979384, y: -0.18982588, z: -0.81344503}
    - {x: -0.382106, y: -0.1970323, z: -0.90286946}
    - {x: -0.19620204, y: -0.20404017, z: -0.95909977}
    - {x: 0.4963524, y: -0.4963542, z: -0.7122266}
    - {x: 0.5272623, y: -0.3492387, z: -0.7746139}
    - {x: 0.549794, y: -0.18982503, z: -0.8134452}
    - {x: 0.34923714, y: -0.52726305, z: -0.7746142}
    - {x: 0.36701828, y: -0.36701968, z: -0.8547479}
    - {x: 0.38210562, y: -0.19703187, z: -0.90286976}
    - {x: 0.18054374, y: -0.55085415, z: -0.8148397}
    - {x: 0.18873142, y: -0.382819, z: -0.9043396}
    - {x: 0.19620201, y: -0.20404013, z: -0.95909977}
    - {x: 0.495855, y: 0.49640733, z: -0.71253604}
    - {x: 0.34918994, y: 0.5268657, z: -0.77490574}
    - {x: 0.18049115, y: 0.5502449, z: -0.81526285}
    - {x: 0.52656627, y: 0.34937415, z: -0.7750263}
    - {x: 0.36634138, y: 0.36651975, z: -0.85525274}
    - {x: 0.18864696, y: 0.38195306, z: -0.9047232}
    - {x: 0.55006224, y: 0.1804786, z: -0.81538886}
    - {x: 0.38175115, y: 0.1885898, z: -0.9048204}
    - {x: 0.19659947, y: 0.19652289, z: -0.96058697}
    - {x: -0.495855, y: 0.49640733, z: -0.71253604}
    - {x: -0.52656627, y: 0.34937415, z: -0.7750263}
    - {x: -0.5500622, y: 0.18047862, z: -0.8153889}
    - {x: -0.34918994, y: 0.5268657, z: -0.77490574}
    - {x: -0.3663414, y: 0.36651975, z: -0.85525274}
    - {x: -0.38175118, y: 0.18858981, z: -0.9048204}
    - {x: -0.18049131, y: 0.5502449, z: -0.81526285}
    - {x: -0.18864718, y: 0.38195315, z: -0.9047232}
    - {x: -0.19659972, y: 0.19652292, z: -0.96058697}
    - {x: 0.20325732, y: -0.9791253, z: 0}
    - {x: 0, y: -1, z: 0}
    - {x: 0, y: -1, z: 0}
    - {x: -0.70710677, y: -0.7071068, z: 0}
    - {x: -0.559617, y: -0.8287514, z: 0}
    - {x: -0.38897312, y: -0.92124915, z: 0}
    - {x: -0.2032576, y: -0.9791253, z: 0}
    - {x: 0, y: -1, z: 0}
    - {x: 0, y: -1, z: 0}
    - {x: 0, y: -1, z: 0}
    - {x: 0.20325732, y: -0.9791253, z: 0}
    - {x: 0, y: 1, z: 0}
    - {x: 0, y: 1, z: 0}
    - {x: 0, y: 1, z: 0}
    - {x: 0, y: 1, z: 0}
    - {x: -0.7072056, y: 0.707008, z: 0}
    - {x: -0.5594023, y: 0.82889634, z: 0}
    - {x: -0.3883408, y: 0.9215159, z: 0}
    - {x: -0.20144576, y: 0.9794997, z: 0}
    - {x: 0, y: 1, z: 0}
    - {x: 0.57735026, y: -0.57735026, z: -0.5773503}
    - {x: 0.6201137, y: -0.6201137, z: -0.4805394}
    - {x: 0.6647, y: -0.66470003, z: -0.3410981}
    - {x: 0.6959506, y: -0.6959507, z: -0.17693342}
    - {x: 0.7071068, y: -0.70710677, z: 0}
    - {x: 0.6201137, y: -0.6201137, z: 0.4805394}
    - {x: 0.57735026, y: -0.57735026, z: 0.5773503}
    - {x: 0.6647, y: -0.66470003, z: 0.3410981}
    - {x: 0.6959507, y: -0.6959506, z: 0.17693342}
    - {x: 0.5770534, y: 0.5779435, z: 0.5770534}
    - {x: 0.61990535, y: 0.6204593, z: 0.48036185}
    - {x: 0.66459537, y: 0.6646523, z: 0.34139463}
    - {x: 0.69605106, y: 0.6958694, z: 0.17685807}
    - {x: 0.7072056, y: 0.707008, z: 0}
    - {x: 0.61990535, y: 0.6204593, z: -0.48036185}
    - {x: 0.5770534, y: 0.5779435, z: -0.5770534}
    - {x: 0.66459566, y: 0.66465217, z: -0.34139442}
    - {x: 0.6960513, y: 0.69586915, z: -0.17685804}
    - {x: 0.57735026, y: -0.57735026, z: 0.5773503}
    - {x: 0.6201132, y: -0.4805407, z: 0.6201132}
    - {x: 0.48054004, y: -0.620114, z: 0.62011284}
    - {x: 0.34109816, y: -0.66470075, z: 0.6646992}
    - {x: 0.17693284, y: -0.69595075, z: 0.6959507}
    - {x: 0, y: -0.70710665, z: 0.7071069}
    - {x: 0.66469985, y: -0.3410986, z: 0.6646998}
    - {x: 0.69503826, y: -0.18396656, z: 0.69503826}
    - {x: 0.70707804, y: -0.009016315, z: 0.7070781}
    - {x: -0.4805394, y: -0.6201137, z: 0.6201137}
    - {x: -0.5773503, y: -0.57735026, z: 0.57735026}
    - {x: -0.34109792, y: -0.6646999, z: 0.66470015}
    - {x: -0.17693326, y: -0.6959505, z: 0.69595087}
    - {x: -0.5770534, y: 0.5779435, z: 0.5770534}
    - {x: -0.48036185, y: 0.6204593, z: 0.61990535}
    - {x: -0.34139463, y: 0.6646523, z: 0.66459537}
    - {x: -0.17685808, y: 0.6958694, z: 0.69605106}
    - {x: 0, y: 0.707008, z: 0.7072056}
    - {x: 0.48036185, y: 0.6204593, z: 0.61990535}
    - {x: 0.6199811, y: 0.4808831, z: 0.6199798}
    - {x: 0.5770534, y: 0.5779435, z: 0.5770534}
    - {x: 0.6646252, y: 0.3413929, z: 0.6646234}
    - {x: 0.69618523, y: 0.17508024, z: 0.69618464}
    - {x: 0.34139463, y: 0.6646523, z: 0.66459537}
    - {x: 0.17685814, y: 0.6958693, z: 0.69605106}
    - {x: -0.5773503, y: -0.57735026, z: 0.57735026}
    - {x: -0.6201137, y: -0.4805394, z: 0.6201137}
    - {x: -0.62011284, y: -0.620114, z: 0.48054004}
    - {x: -0.66469896, y: -0.6647008, z: 0.34109834}
    - {x: -0.69595045, y: -0.695951, z: 0.17693298}
    - {x: -0.70710677, y: -0.7071068, z: 0}
    - {x: -0.6647, y: -0.3410981, z: 0.66470003}
    - {x: -0.69503814, y: -0.18396747, z: 0.69503814}
    - {x: -0.7070781, y: -0.009016315, z: 0.70707804}
    - {x: -0.6201137, y: -0.6201137, z: -0.4805394}
    - {x: -0.57735026, y: -0.57735026, z: -0.5773503}
    - {x: -0.6647, y: -0.66470003, z: -0.3410981}
    - {x: -0.6959506, y: -0.6959506, z: -0.17693341}
    - {x: -0.70710677, y: -0.7071068, z: 0}
    - {x: -0.8287513, y: -0.5596169, z: 0}
    - {x: -0.92124933, y: -0.3889727, z: 0}
    - {x: -0.97827977, y: -0.20728834, z: -0.00033734587}
    - {x: -0.99997485, y: -0.0070275087, z: -0.0009139704}
    - {x: -0.5770534, y: 0.5779435, z: -0.5770534}
    - {x: -0.61990535, y: 0.6204593, z: -0.48036185}
    - {x: -0.66459537, y: 0.6646523, z: -0.34139463}
    - {x: -0.69605106, y: 0.6958693, z: -0.17685813}
    - {x: -0.7072056, y: 0.707008, z: 0}
    - {x: -0.61990535, y: 0.6204593, z: 0.48036185}
    - {x: -0.61998016, y: 0.48088375, z: 0.6199802}
    - {x: -0.5770534, y: 0.5779435, z: 0.5770534}
    - {x: -0.6646242, y: 0.34139317, z: 0.6646242}
    - {x: -0.696185, y: 0.17507976, z: 0.696185}
    - {x: -0.66459537, y: 0.6646523, z: 0.34139463}
    - {x: -0.69605106, y: 0.6958693, z: 0.17685813}
    - {x: -0.7072056, y: 0.707008, z: 0}
    - {x: -0.82918096, y: 0.55898035, z: 0}
    - {x: -0.92161185, y: 0.38811284, z: 0}
    - {x: -0.9797031, y: 0.20045324, z: -0.00057532295}
    - {x: -0.57735026, y: -0.57735026, z: -0.5773503}
    - {x: -0.6201137, y: -0.4805394, z: -0.6201137}
    - {x: -0.48054004, y: -0.620114, z: -0.62011284}
    - {x: -0.34109834, y: -0.6647008, z: -0.66469896}
    - {x: -0.17693298, y: -0.695951, z: -0.69595045}
    - {x: 0, y: -0.70710677, z: -0.70710677}
    - {x: -0.66470003, y: -0.3410981, z: -0.6647}
    - {x: -0.69467884, y: -0.18666197, z: -0.69467884}
    - {x: -0.7070716, y: -0.009976553, z: -0.70707154}
    - {x: 0.4805394, y: -0.6201137, z: -0.6201137}
    - {x: 0.6201132, y: -0.4805407, z: -0.6201132}
    - {x: 0.57735026, y: -0.57735026, z: -0.5773503}
    - {x: 0.66469985, y: -0.3410986, z: -0.6646998}
    - {x: 0.6946789, y: -0.18666106, z: -0.69467896}
    - {x: 0.7070716, y: -0.009976584, z: -0.7070716}
    - {x: 0.3410981, y: -0.66470003, z: -0.6647}
    - {x: 0.17693341, y: -0.6959506, z: -0.6959506}
    - {x: 0.5770534, y: 0.5779435, z: -0.5770534}
    - {x: 0.6199811, y: 0.4808831, z: -0.6199798}
    - {x: 0.48036185, y: 0.6204593, z: -0.61990535}
    - {x: 0.34139442, y: 0.66465217, z: -0.66459566}
    - {x: 0.17685792, y: 0.69586915, z: -0.6960513}
    - {x: 0, y: 0.707008, z: -0.7072056}
    - {x: 0.6646252, y: 0.3413929, z: -0.6646234}
    - {x: 0.6959636, y: 0.17683363, z: -0.6959631}
    - {x: -0.48036185, y: 0.6204593, z: -0.61990535}
    - {x: -0.6199802, y: 0.48088375, z: -0.61998016}
    - {x: -0.5770534, y: 0.5779435, z: -0.5770534}
    - {x: -0.6646242, y: 0.34139317, z: -0.6646242}
    - {x: -0.6959634, y: 0.1768332, z: -0.6959634}
    - {x: -0.34139428, y: 0.6646524, z: -0.66459554}
    - {x: -0.17685792, y: 0.6958694, z: -0.6960511}
  - data:
    - {x: -0.85065114, y: -0.44721365, z: -0.27639234}
    - {x: -0.57206136, y: -0.7071067, z: -0.415627}
    - {x: -0.41562682, y: -0.70710677, z: -0.5720615}
    - {x: -0.21850787, y: -0.70710677, z: -0.6724985}
    - {x: 0, y: -0.70710677, z: -0.70710677}
    - {x: 0.21850811, y: -0.70710677, z: -0.6724985}
    - {x: 0.41562706, y: -0.70710677, z: -0.5720613}
    - {x: 0.5720615, y: -0.70710677, z: -0.41562685}
    - {x: 0.6724985, y: -0.70710677, z: -0.21850792}
    - {x: 0.8944272, y: -0.4472136, z: 0}
    - {x: 0.6724985, y: -0.70710677, z: 0.21850805}
    - {x: 0.57206136, y: -0.70710677, z: 0.41562703}
    - {x: 0.41562688, y: -0.70710677, z: 0.5720615}
    - {x: 0.21850798, y: -0.70710677, z: 0.6724985}
    - {x: 0, y: -0.70710677, z: 0.70710677}
    - {x: -0.21850806, y: -0.70710677, z: 0.6724985}
    - {x: -0.41562694, y: -0.70710677, z: 0.5720614}
    - {x: -0.5720614, y: -0.70710677, z: 0.41562694}
    - {x: -0.6724985, y: -0.70710677, z: 0.21850798}
    - {x: -0.8944272, y: -0.4472136, z: 0}
    - {x: -0.85065114, y: 0.44721365, z: -0.27639234}
    - {x: -0.57206136, y: 0.7071067, z: -0.415627}
    - {x: -0.41562682, y: 0.70710677, z: -0.5720615}
    - {x: -0.21850787, y: 0.70710677, z: -0.6724985}
    - {x: 0, y: 0.70710677, z: -0.70710677}
    - {x: 0.21850811, y: 0.70710677, z: -0.6724985}
    - {x: 0.41562706, y: 0.70710677, z: -0.5720613}
    - {x: 0.5720615, y: 0.70710677, z: -0.41562685}
    - {x: 0.6724985, y: 0.70710677, z: -0.21850792}
    - {x: 0.8944272, y: 0.4472136, z: 0}
    - {x: 0.6724985, y: 0.70710677, z: 0.21850805}
    - {x: 0.57206136, y: 0.70710677, z: 0.41562703}
    - {x: 0.41562688, y: 0.70710677, z: 0.5720615}
    - {x: 0.21850798, y: 0.70710677, z: 0.6724985}
    - {x: 0, y: 0.70710677, z: 0.70710677}
    - {x: -0.21850806, y: 0.70710677, z: 0.6724985}
    - {x: -0.41562694, y: 0.70710677, z: 0.5720614}
    - {x: -0.5720614, y: 0.70710677, z: 0.41562694}
    - {x: -0.6724985, y: 0.70710677, z: 0.21850798}
    - {x: -0.8944272, y: 0.4472136, z: 0}
    - {x: 0, y: -1, z: 0}
    - {x: 0, y: 1, z: 0}
    - {x: 0.8944272, y: -0.4472136, z: 0}
    - {x: 0.8944272, y: 0.4472136, z: 0}
    - {x: -0.8944272, y: -0.4472136, z: 0}
    - {x: -0.8944272, y: 0.4472136, z: 0}
    - {x: -0.85065114, y: 0.44721365, z: -0.27639234}
    - {x: -0.85065114, y: -0.44721365, z: -0.27639234}
    - {x: -0.57206136, y: -0.7071067, z: -0.415627}
    - {x: -0.85065114, y: -0.44721365, z: -0.27639234}
    - {x: -0.41562682, y: -0.70710677, z: -0.5720615}
    - {x: -0.21850787, y: -0.70710677, z: -0.6724985}
    - {x: 0, y: -0.70710677, z: -0.70710677}
    - {x: 0.21850811, y: -0.70710677, z: -0.6724985}
    - {x: 0.41562706, y: -0.70710677, z: -0.5720613}
    - {x: 0.5720615, y: -0.70710677, z: -0.41562685}
    - {x: 0.6724985, y: -0.70710677, z: -0.21850792}
    - {x: 0.8944272, y: -0.4472136, z: 0}
    - {x: 0.6724985, y: -0.70710677, z: 0.21850805}
    - {x: 0.57206136, y: -0.70710677, z: 0.41562703}
    - {x: 0.41562688, y: -0.70710677, z: 0.5720615}
    - {x: 0.21850798, y: -0.70710677, z: 0.6724985}
    - {x: 0, y: -0.70710677, z: 0.70710677}
    - {x: -0.21850806, y: -0.70710677, z: 0.6724985}
    - {x: -0.41562694, y: -0.70710677, z: 0.5720614}
    - {x: -0.5720614, y: -0.70710677, z: 0.41562694}
    - {x: -0.6724985, y: -0.70710677, z: 0.21850798}
    - {x: -0.8944272, y: -0.4472136, z: 0}
    - {x: -0.85065114, y: 0.44721365, z: -0.27639234}
    - {x: -0.57206136, y: 0.7071067, z: -0.415627}
    - {x: -0.41562682, y: 0.70710677, z: -0.5720615}
    - {x: -0.21850787, y: 0.70710677, z: -0.6724985}
    - {x: 0, y: 0.70710677, z: -0.70710677}
    - {x: 0.21850811, y: 0.70710677, z: -0.6724985}
    - {x: 0.41562706, y: 0.70710677, z: -0.5720613}
    - {x: 0.5720615, y: 0.70710677, z: -0.41562685}
    - {x: 0.6724985, y: 0.70710677, z: -0.21850792}
    - {x: 0.8944272, y: 0.4472136, z: 0}
    - {x: 0.6724985, y: 0.70710677, z: 0.21850805}
    - {x: 0.57206136, y: 0.70710677, z: 0.41562703}
    - {x: 0.41562688, y: 0.70710677, z: 0.5720615}
    - {x: 0.21850798, y: 0.70710677, z: 0.6724985}
    - {x: 0, y: 0.70710677, z: 0.70710677}
    - {x: -0.21850806, y: 0.70710677, z: 0.6724985}
    - {x: -0.41562694, y: 0.70710677, z: 0.5720614}
    - {x: -0.5720614, y: 0.70710677, z: 0.41562694}
    - {x: -0.6724985, y: 0.70710677, z: 0.21850798}
    - {x: -0.8944272, y: 0.4472136, z: 0}
--- !u!1 &7032885206328920820
GameObject:
  m_ObjectHideFlags: 0
  m_CorrespondingSourceObject: {fileID: 0}
  m_PrefabInstance: {fileID: 0}
  m_PrefabAsset: {fileID: 0}
  serializedVersion: 6
  m_Component:
  - component: {fileID: 7032885206328920819}
  - component: {fileID: 7032885206328920816}
  - component: {fileID: 7032885206328920817}
  m_Layer: 8
  m_Name: Wheel - RR
  m_TagString: Untagged
  m_Icon: {fileID: 0}
  m_NavMeshLayer: 0
  m_StaticEditorFlags: 0
  m_IsActive: 1
--- !u!4 &7032885206328920819
Transform:
  m_ObjectHideFlags: 0
  m_CorrespondingSourceObject: {fileID: 0}
  m_PrefabInstance: {fileID: 0}
  m_PrefabAsset: {fileID: 0}
  m_GameObject: {fileID: 7032885206328920820}
  m_LocalRotation: {x: -0, y: -0, z: -0, w: 1}
  m_LocalPosition: {x: 0.25, y: 0, z: -0.5}
  m_LocalScale: {x: 0.2, y: 1, z: 1}
  m_Children:
  - {fileID: 496155696}
  m_Father: {fileID: 8804930524407005834}
  m_RootOrder: 3
  m_LocalEulerAnglesHint: {x: 0, y: 0, z: 0}
--- !u!33 &7032885206328920816
MeshFilter:
  m_ObjectHideFlags: 0
  m_CorrespondingSourceObject: {fileID: 0}
  m_PrefabInstance: {fileID: 0}
  m_PrefabAsset: {fileID: 0}
  m_GameObject: {fileID: 7032885206328920820}
  m_Mesh: {fileID: 10207, guid: 0000000000000000e000000000000000, type: 0}
--- !u!23 &7032885206328920817
MeshRenderer:
  m_ObjectHideFlags: 0
  m_CorrespondingSourceObject: {fileID: 0}
  m_PrefabInstance: {fileID: 0}
  m_PrefabAsset: {fileID: 0}
  m_GameObject: {fileID: 7032885206328920820}
  m_Enabled: 1
  m_CastShadows: 0
  m_ReceiveShadows: 0
  m_DynamicOccludee: 1
  m_MotionVectors: 1
  m_LightProbeUsage: 1
  m_ReflectionProbeUsage: 1
  m_RayTracingMode: 2
  m_RenderingLayerMask: 1
  m_RendererPriority: 0
  m_Materials:
  - {fileID: 2100000, guid: 12d0edebbb747400fae60c67134d7764, type: 2}
  m_StaticBatchInfo:
    firstSubMesh: 0
    subMeshCount: 0
  m_StaticBatchRoot: {fileID: 0}
  m_ProbeAnchor: {fileID: 0}
  m_LightProbeVolumeOverride: {fileID: 0}
  m_ScaleInLightmap: 1
  m_ReceiveGI: 1
  m_PreserveUVs: 0
  m_IgnoreNormalsForChartDetection: 0
  m_ImportantGI: 0
  m_StitchLightmapSeams: 1
  m_SelectedEditorRenderState: 3
  m_MinimumChartSize: 4
  m_AutoUVMaxDistance: 0.5
  m_AutoUVMaxAngle: 89
  m_LightmapParameters: {fileID: 0}
  m_SortingLayerID: 0
  m_SortingLayer: 0
  m_SortingOrder: 0
--- !u!1 &7032885206646142345
GameObject:
  m_ObjectHideFlags: 0
  m_CorrespondingSourceObject: {fileID: 0}
  m_PrefabInstance: {fileID: 0}
  m_PrefabAsset: {fileID: 0}
  serializedVersion: 6
  m_Component:
  - component: {fileID: 7032885206646142344}
  - component: {fileID: 7032885206646142342}
  - component: {fileID: 7032885206646142343}
  m_Layer: 8
  m_Name: Glass
  m_TagString: Untagged
  m_Icon: {fileID: 0}
  m_NavMeshLayer: 0
  m_StaticEditorFlags: 0
  m_IsActive: 1
--- !u!4 &7032885206646142344
Transform:
  m_ObjectHideFlags: 0
  m_CorrespondingSourceObject: {fileID: 0}
  m_PrefabInstance: {fileID: 0}
  m_PrefabAsset: {fileID: 0}
  m_GameObject: {fileID: 7032885206646142345}
  m_LocalRotation: {x: 0, y: 0, z: 0, w: 1}
  m_LocalPosition: {x: 0, y: 0.5, z: -0.1}
  m_LocalScale: {x: 1, y: 1, z: 0.5}
  m_Children: []
  m_Father: {fileID: 7032885205986186016}
  m_RootOrder: 0
  m_LocalEulerAnglesHint: {x: 0, y: 0, z: 0}
--- !u!33 &7032885206646142342
MeshFilter:
  m_ObjectHideFlags: 0
  m_CorrespondingSourceObject: {fileID: 0}
  m_PrefabInstance: {fileID: 0}
  m_PrefabAsset: {fileID: 0}
  m_GameObject: {fileID: 7032885206646142345}
  m_Mesh: {fileID: 10207, guid: 0000000000000000e000000000000000, type: 0}
--- !u!23 &7032885206646142343
MeshRenderer:
  m_ObjectHideFlags: 0
  m_CorrespondingSourceObject: {fileID: 0}
  m_PrefabInstance: {fileID: 0}
  m_PrefabAsset: {fileID: 0}
  m_GameObject: {fileID: 7032885206646142345}
  m_Enabled: 1
  m_CastShadows: 1
  m_ReceiveShadows: 1
  m_DynamicOccludee: 1
  m_MotionVectors: 1
  m_LightProbeUsage: 1
  m_ReflectionProbeUsage: 1
  m_RayTracingMode: 2
  m_RenderingLayerMask: 1
  m_RendererPriority: 0
  m_Materials:
  - {fileID: 2100000, guid: 4229436ead4e4402cb24b49da440fb66, type: 2}
  m_StaticBatchInfo:
    firstSubMesh: 0
    subMeshCount: 0
  m_StaticBatchRoot: {fileID: 0}
  m_ProbeAnchor: {fileID: 0}
  m_LightProbeVolumeOverride: {fileID: 0}
  m_ScaleInLightmap: 1
  m_ReceiveGI: 1
  m_PreserveUVs: 0
  m_IgnoreNormalsForChartDetection: 0
  m_ImportantGI: 0
  m_StitchLightmapSeams: 1
  m_SelectedEditorRenderState: 3
  m_MinimumChartSize: 4
  m_AutoUVMaxDistance: 0.5
  m_AutoUVMaxAngle: 89
  m_LightmapParameters: {fileID: 0}
  m_SortingLayerID: 0
  m_SortingLayer: 0
  m_SortingOrder: 0
--- !u!1 &7032885206727305487
GameObject:
  m_ObjectHideFlags: 0
  m_CorrespondingSourceObject: {fileID: 0}
  m_PrefabInstance: {fileID: 0}
  m_PrefabAsset: {fileID: 0}
  serializedVersion: 6
  m_Component:
  - component: {fileID: 7032885206727305486}
  - component: {fileID: 7032885206727305483}
  - component: {fileID: 7032885206727305484}
  m_Layer: 8
  m_Name: Wheel - FL
  m_TagString: Untagged
  m_Icon: {fileID: 0}
  m_NavMeshLayer: 0
  m_StaticEditorFlags: 0
  m_IsActive: 1
--- !u!4 &7032885206727305486
Transform:
  m_ObjectHideFlags: 0
  m_CorrespondingSourceObject: {fileID: 0}
  m_PrefabInstance: {fileID: 0}
  m_PrefabAsset: {fileID: 0}
  m_GameObject: {fileID: 7032885206727305487}
  m_LocalRotation: {x: -0, y: -0, z: -0, w: 1}
  m_LocalPosition: {x: -0.25, y: 0, z: 0.5}
  m_LocalScale: {x: 0.2, y: 1, z: 1}
  m_Children: []
  m_Father: {fileID: 8804930524407005834}
  m_RootOrder: 0
  m_LocalEulerAnglesHint: {x: 0, y: 0, z: 0}
--- !u!33 &7032885206727305483
MeshFilter:
  m_ObjectHideFlags: 0
  m_CorrespondingSourceObject: {fileID: 0}
  m_PrefabInstance: {fileID: 0}
  m_PrefabAsset: {fileID: 0}
  m_GameObject: {fileID: 7032885206727305487}
  m_Mesh: {fileID: 10207, guid: 0000000000000000e000000000000000, type: 0}
--- !u!23 &7032885206727305484
MeshRenderer:
  m_ObjectHideFlags: 0
  m_CorrespondingSourceObject: {fileID: 0}
  m_PrefabInstance: {fileID: 0}
  m_PrefabAsset: {fileID: 0}
  m_GameObject: {fileID: 7032885206727305487}
  m_Enabled: 1
  m_CastShadows: 0
  m_ReceiveShadows: 0
  m_DynamicOccludee: 1
  m_MotionVectors: 1
  m_LightProbeUsage: 1
  m_ReflectionProbeUsage: 1
  m_RayTracingMode: 2
  m_RenderingLayerMask: 1
  m_RendererPriority: 0
  m_Materials:
  - {fileID: 2100000, guid: 12d0edebbb747400fae60c67134d7764, type: 2}
  m_StaticBatchInfo:
    firstSubMesh: 0
    subMeshCount: 0
  m_StaticBatchRoot: {fileID: 0}
  m_ProbeAnchor: {fileID: 0}
  m_LightProbeVolumeOverride: {fileID: 0}
  m_ScaleInLightmap: 1
  m_ReceiveGI: 1
  m_PreserveUVs: 0
  m_IgnoreNormalsForChartDetection: 0
  m_ImportantGI: 0
  m_StitchLightmapSeams: 1
  m_SelectedEditorRenderState: 3
  m_MinimumChartSize: 4
  m_AutoUVMaxDistance: 0.5
  m_AutoUVMaxAngle: 89
  m_LightmapParameters: {fileID: 0}
  m_SortingLayerID: 0
  m_SortingLayer: 0
  m_SortingOrder: 0
--- !u!1 &7032885206734700748
GameObject:
  m_ObjectHideFlags: 0
  m_CorrespondingSourceObject: {fileID: 0}
  m_PrefabInstance: {fileID: 0}
  m_PrefabAsset: {fileID: 0}
  serializedVersion: 6
  m_Component:
  - component: {fileID: 7032885206734700747}
  - component: {fileID: 7032885206734700744}
  - component: {fileID: 7032885206734700745}
  m_Layer: 8
  m_Name: Wheel - RL
  m_TagString: Untagged
  m_Icon: {fileID: 0}
  m_NavMeshLayer: 0
  m_StaticEditorFlags: 0
  m_IsActive: 1
--- !u!4 &7032885206734700747
Transform:
  m_ObjectHideFlags: 0
  m_CorrespondingSourceObject: {fileID: 0}
  m_PrefabInstance: {fileID: 0}
  m_PrefabAsset: {fileID: 0}
  m_GameObject: {fileID: 7032885206734700748}
  m_LocalRotation: {x: -0, y: -0, z: -0, w: 1}
  m_LocalPosition: {x: -0.25, y: 0, z: -0.5}
  m_LocalScale: {x: 0.2, y: 1, z: 1}
  m_Children:
  - {fileID: 4742186419256307476}
  m_Father: {fileID: 8804930524407005834}
  m_RootOrder: 2
  m_LocalEulerAnglesHint: {x: 0, y: 0, z: 0}
--- !u!33 &7032885206734700744
MeshFilter:
  m_ObjectHideFlags: 0
  m_CorrespondingSourceObject: {fileID: 0}
  m_PrefabInstance: {fileID: 0}
  m_PrefabAsset: {fileID: 0}
  m_GameObject: {fileID: 7032885206734700748}
  m_Mesh: {fileID: 10207, guid: 0000000000000000e000000000000000, type: 0}
--- !u!23 &7032885206734700745
MeshRenderer:
  m_ObjectHideFlags: 0
  m_CorrespondingSourceObject: {fileID: 0}
  m_PrefabInstance: {fileID: 0}
  m_PrefabAsset: {fileID: 0}
  m_GameObject: {fileID: 7032885206734700748}
  m_Enabled: 1
  m_CastShadows: 0
  m_ReceiveShadows: 0
  m_DynamicOccludee: 1
  m_MotionVectors: 1
  m_LightProbeUsage: 1
  m_ReflectionProbeUsage: 1
  m_RayTracingMode: 2
  m_RenderingLayerMask: 1
  m_RendererPriority: 0
  m_Materials:
  - {fileID: 2100000, guid: 12d0edebbb747400fae60c67134d7764, type: 2}
  m_StaticBatchInfo:
    firstSubMesh: 0
    subMeshCount: 0
  m_StaticBatchRoot: {fileID: 0}
  m_ProbeAnchor: {fileID: 0}
  m_LightProbeVolumeOverride: {fileID: 0}
  m_ScaleInLightmap: 1
  m_ReceiveGI: 1
  m_PreserveUVs: 0
  m_IgnoreNormalsForChartDetection: 0
  m_ImportantGI: 0
  m_StitchLightmapSeams: 1
  m_SelectedEditorRenderState: 3
  m_MinimumChartSize: 4
  m_AutoUVMaxDistance: 0.5
  m_AutoUVMaxAngle: 89
  m_LightmapParameters: {fileID: 0}
  m_SortingLayerID: 0
  m_SortingLayer: 0
  m_SortingOrder: 0
--- !u!1 &8869455509682028735
GameObject:
  m_ObjectHideFlags: 0
  m_CorrespondingSourceObject: {fileID: 0}
  m_PrefabInstance: {fileID: 0}
  m_PrefabAsset: {fileID: 0}
  serializedVersion: 6
  m_Component:
  - component: {fileID: 2472883482960524678}
  - component: {fileID: 5369433348991271353}
  - component: {fileID: 1885055196763832240}
  - component: {fileID: 4461200389786652309}
  - component: {fileID: 6347454678837935529}
  m_Layer: 8
  m_Name: Light - Right Blink
  m_TagString: Untagged
  m_Icon: {fileID: 0}
  m_NavMeshLayer: 0
  m_StaticEditorFlags: 0
  m_IsActive: 1
--- !u!4 &2472883482960524678
Transform:
  m_ObjectHideFlags: 0
  m_CorrespondingSourceObject: {fileID: 0}
  m_PrefabInstance: {fileID: 0}
  m_PrefabAsset: {fileID: 0}
  m_GameObject: {fileID: 8869455509682028735}
  m_LocalRotation: {x: 0.7071068, y: -0, z: -0, w: 0.7071068}
  m_LocalPosition: {x: 0.32, y: 0, z: -0.509}
  m_LocalScale: {x: 0.3, y: 0.025000004, z: 0.3}
  m_Children: []
  m_Father: {fileID: 7032885205986186016}
  m_RootOrder: 2
  m_LocalEulerAnglesHint: {x: 90, y: 0, z: 0}
--- !u!33 &5369433348991271353
MeshFilter:
  m_ObjectHideFlags: 0
  m_CorrespondingSourceObject: {fileID: 0}
  m_PrefabInstance: {fileID: 0}
  m_PrefabAsset: {fileID: 0}
  m_GameObject: {fileID: 8869455509682028735}
  m_Mesh: {fileID: 10206, guid: 0000000000000000e000000000000000, type: 0}
--- !u!23 &1885055196763832240
MeshRenderer:
  m_ObjectHideFlags: 0
  m_CorrespondingSourceObject: {fileID: 0}
  m_PrefabInstance: {fileID: 0}
  m_PrefabAsset: {fileID: 0}
  m_GameObject: {fileID: 8869455509682028735}
  m_Enabled: 1
  m_CastShadows: 1
  m_ReceiveShadows: 1
  m_DynamicOccludee: 1
  m_MotionVectors: 1
  m_LightProbeUsage: 1
  m_ReflectionProbeUsage: 1
  m_RayTracingMode: 2
  m_RenderingLayerMask: 1
  m_RendererPriority: 0
  m_Materials:
  - {fileID: 2100000, guid: 4ca6dcc5b6cae4e29ac5a75c7e4f436f, type: 2}
  m_StaticBatchInfo:
    firstSubMesh: 0
    subMeshCount: 0
  m_StaticBatchRoot: {fileID: 0}
  m_ProbeAnchor: {fileID: 0}
  m_LightProbeVolumeOverride: {fileID: 0}
  m_ScaleInLightmap: 1
  m_ReceiveGI: 1
  m_PreserveUVs: 0
  m_IgnoreNormalsForChartDetection: 0
  m_ImportantGI: 0
  m_StitchLightmapSeams: 1
  m_SelectedEditorRenderState: 3
  m_MinimumChartSize: 4
  m_AutoUVMaxDistance: 0.5
  m_AutoUVMaxAngle: 89
  m_LightmapParameters: {fileID: 0}
  m_SortingLayerID: 0
  m_SortingLayer: 0
  m_SortingOrder: 0
--- !u!114 &4461200389786652309
MonoBehaviour:
  m_ObjectHideFlags: 0
  m_CorrespondingSourceObject: {fileID: 0}
  m_PrefabInstance: {fileID: 0}
  m_PrefabAsset: {fileID: 0}
  m_GameObject: {fileID: 8869455509682028735}
  m_Enabled: 1
  m_EditorHideFlags: 0
  m_Script: {fileID: 11500000, guid: 5d25ec4b682584fc8840ecb89461fe46, type: 3}
  m_Name: 
  m_EditorClassIdentifier: 
  time: 0.3
  isDisabled: 0
  timestamp: 0
--- !u!114 &6347454678837935529
MonoBehaviour:
  m_ObjectHideFlags: 0
  m_CorrespondingSourceObject: {fileID: 0}
  m_PrefabInstance: {fileID: 0}
  m_PrefabAsset: {fileID: 0}
  m_GameObject: {fileID: 8869455509682028735}
  m_Enabled: 1
  m_EditorHideFlags: 0
  m_Script: {fileID: 11500000, guid: cc5537b7715594e9d8abbae6fe208c63, type: 3}
  m_Name: 
  m_EditorClassIdentifier: 
  value: 1
--- !u!1001 &841454853613970015
PrefabInstance:
  m_ObjectHideFlags: 0
  serializedVersion: 2
  m_Modification:
    m_TransformParent: {fileID: 7032885206328920819}
    m_Modifications:
    - target: {fileID: 841454853705358959, guid: 15dc8d0061e0840b3adb8d17134b2be3,
        type: 3}
      propertyPath: m_LocalPosition.x
      value: 0
      objectReference: {fileID: 0}
    - target: {fileID: 841454853705358959, guid: 15dc8d0061e0840b3adb8d17134b2be3,
        type: 3}
      propertyPath: m_LocalPosition.y
      value: -0.5
      objectReference: {fileID: 0}
    - target: {fileID: 841454853705358959, guid: 15dc8d0061e0840b3adb8d17134b2be3,
        type: 3}
      propertyPath: m_LocalPosition.z
      value: 0
      objectReference: {fileID: 0}
    - target: {fileID: 841454853705358959, guid: 15dc8d0061e0840b3adb8d17134b2be3,
        type: 3}
      propertyPath: m_LocalRotation.x
      value: -0
      objectReference: {fileID: 0}
    - target: {fileID: 841454853705358959, guid: 15dc8d0061e0840b3adb8d17134b2be3,
        type: 3}
      propertyPath: m_LocalRotation.y
      value: -0
      objectReference: {fileID: 0}
    - target: {fileID: 841454853705358959, guid: 15dc8d0061e0840b3adb8d17134b2be3,
        type: 3}
      propertyPath: m_LocalRotation.z
      value: -0
      objectReference: {fileID: 0}
    - target: {fileID: 841454853705358959, guid: 15dc8d0061e0840b3adb8d17134b2be3,
        type: 3}
      propertyPath: m_LocalRotation.w
      value: 1
      objectReference: {fileID: 0}
    - target: {fileID: 841454853705358959, guid: 15dc8d0061e0840b3adb8d17134b2be3,
        type: 3}
      propertyPath: m_RootOrder
      value: 0
      objectReference: {fileID: 0}
    - target: {fileID: 841454853705358959, guid: 15dc8d0061e0840b3adb8d17134b2be3,
        type: 3}
      propertyPath: m_LocalEulerAnglesHint.x
      value: 0
      objectReference: {fileID: 0}
    - target: {fileID: 841454853705358959, guid: 15dc8d0061e0840b3adb8d17134b2be3,
        type: 3}
      propertyPath: m_LocalEulerAnglesHint.y
      value: 0
      objectReference: {fileID: 0}
    - target: {fileID: 841454853705358959, guid: 15dc8d0061e0840b3adb8d17134b2be3,
        type: 3}
      propertyPath: m_LocalEulerAnglesHint.z
      value: 0
      objectReference: {fileID: 0}
    - target: {fileID: 841454853705358960, guid: 15dc8d0061e0840b3adb8d17134b2be3,
        type: 3}
      propertyPath: m_Name
      value: SmokeEmitter
      objectReference: {fileID: 0}
    m_RemovedComponents: []
  m_SourcePrefab: {fileID: 100100000, guid: 15dc8d0061e0840b3adb8d17134b2be3, type: 3}
--- !u!4 &496155696 stripped
Transform:
  m_CorrespondingSourceObject: {fileID: 841454853705358959, guid: 15dc8d0061e0840b3adb8d17134b2be3,
    type: 3}
  m_PrefabInstance: {fileID: 841454853613970015}
  m_PrefabAsset: {fileID: 0}
--- !u!1001 &5360079428570771835
PrefabInstance:
  m_ObjectHideFlags: 0
  serializedVersion: 2
  m_Modification:
    m_TransformParent: {fileID: 7032885206734700747}
    m_Modifications:
    - target: {fileID: 841454853705358959, guid: 15dc8d0061e0840b3adb8d17134b2be3,
        type: 3}
      propertyPath: m_LocalPosition.x
      value: 0
      objectReference: {fileID: 0}
    - target: {fileID: 841454853705358959, guid: 15dc8d0061e0840b3adb8d17134b2be3,
        type: 3}
      propertyPath: m_LocalPosition.y
      value: -0.5
      objectReference: {fileID: 0}
    - target: {fileID: 841454853705358959, guid: 15dc8d0061e0840b3adb8d17134b2be3,
        type: 3}
      propertyPath: m_LocalPosition.z
      value: 0
      objectReference: {fileID: 0}
    - target: {fileID: 841454853705358959, guid: 15dc8d0061e0840b3adb8d17134b2be3,
        type: 3}
      propertyPath: m_LocalRotation.x
      value: -0
      objectReference: {fileID: 0}
    - target: {fileID: 841454853705358959, guid: 15dc8d0061e0840b3adb8d17134b2be3,
        type: 3}
      propertyPath: m_LocalRotation.y
      value: -0
      objectReference: {fileID: 0}
    - target: {fileID: 841454853705358959, guid: 15dc8d0061e0840b3adb8d17134b2be3,
        type: 3}
      propertyPath: m_LocalRotation.z
      value: -0
      objectReference: {fileID: 0}
    - target: {fileID: 841454853705358959, guid: 15dc8d0061e0840b3adb8d17134b2be3,
        type: 3}
      propertyPath: m_LocalRotation.w
      value: 1
      objectReference: {fileID: 0}
    - target: {fileID: 841454853705358959, guid: 15dc8d0061e0840b3adb8d17134b2be3,
        type: 3}
      propertyPath: m_RootOrder
      value: 0
      objectReference: {fileID: 0}
    - target: {fileID: 841454853705358959, guid: 15dc8d0061e0840b3adb8d17134b2be3,
        type: 3}
      propertyPath: m_LocalEulerAnglesHint.x
      value: 0
      objectReference: {fileID: 0}
    - target: {fileID: 841454853705358959, guid: 15dc8d0061e0840b3adb8d17134b2be3,
        type: 3}
      propertyPath: m_LocalEulerAnglesHint.y
      value: 0
      objectReference: {fileID: 0}
    - target: {fileID: 841454853705358959, guid: 15dc8d0061e0840b3adb8d17134b2be3,
        type: 3}
      propertyPath: m_LocalEulerAnglesHint.z
      value: 0
      objectReference: {fileID: 0}
    - target: {fileID: 841454853705358960, guid: 15dc8d0061e0840b3adb8d17134b2be3,
        type: 3}
      propertyPath: m_Name
      value: SmokeEmitter
      objectReference: {fileID: 0}
    m_RemovedComponents: []
  m_SourcePrefab: {fileID: 100100000, guid: 15dc8d0061e0840b3adb8d17134b2be3, type: 3}
--- !u!4 &4742186419256307476 stripped
Transform:
  m_CorrespondingSourceObject: {fileID: 841454853705358959, guid: 15dc8d0061e0840b3adb8d17134b2be3,
    type: 3}
  m_PrefabInstance: {fileID: 5360079428570771835}
  m_PrefabAsset: {fileID: 0}
