%YAML 1.1
%TAG !u! tag:unity3d.com,2011:
--- !u!1 &1179989006791361503
GameObject:
  m_ObjectHideFlags: 0
  m_CorrespondingSourceObject: {fileID: 0}
  m_PrefabInstance: {fileID: 0}
  m_PrefabAsset: {fileID: 0}
  serializedVersion: 6
  m_Component:
  - component: {fileID: 1179989006791361502}
  - component: {fileID: 3547354778065915630}
  - component: {fileID: 3789295305411136850}
  - component: {fileID: 2449690895759365579}
  - component: {fileID: 7071374831662596107}
  - component: {fileID: 7796900898035991108}
  m_Layer: 9
  m_Name: Boost (1)
  m_TagString: Untagged
  m_Icon: {fileID: 0}
  m_NavMeshLayer: 0
  m_StaticEditorFlags: 0
  m_IsActive: 1
--- !u!4 &1179989006791361502
Transform:
  m_ObjectHideFlags: 0
  m_CorrespondingSourceObject: {fileID: 0}
  m_PrefabInstance: {fileID: 0}
  m_PrefabAsset: {fileID: 0}
  m_GameObject: {fileID: 1179989006791361503}
  m_LocalRotation: {x: 0.35355338, y: 0.35355338, z: -0.1464466, w: 0.8535535}
  m_LocalPosition: {x: 0, y: 0.75, z: 5}
  m_LocalScale: {x: 0.5, y: 0.5, z: 0.5}
  m_Children: []
  m_Father: {fileID: 0}
  m_RootOrder: 0
  m_LocalEulerAnglesHint: {x: 45, y: 45, z: 0}
--- !u!114 &3547354778065915630
MonoBehaviour:
  m_ObjectHideFlags: 0
  m_CorrespondingSourceObject: {fileID: 0}
  m_PrefabInstance: {fileID: 0}
  m_PrefabAsset: {fileID: 0}
  m_GameObject: {fileID: 1179989006791361503}
  m_Enabled: 1
  m_EditorHideFlags: 0
  m_Script: {fileID: 11500000, guid: b275e5f92732148048d7b77e264ac30e, type: 3}
  m_Name: 
  m_EditorClassIdentifier: 
  m_ShapeType: 2
  m_PrimitiveCenter:
    x: 0
    y: 0
    z: 0
  m_PrimitiveSize:
    x: 1.5
    y: 1.5
    z: 1.5
  m_PrimitiveOrientation:
    Value:
      x: -0
      y: 0
      z: 0
    RotationOrder: 4
  m_Capsule:
    Height: 1.5
    Radius: 0.75
    Axis: 2
  m_Cylinder:
    Height: 1.5
    Radius: 0.75
    Axis: 2
  m_CylinderSideCount: 20
  m_SphereRadius: 0.75
  m_MinimumSkinnedVertexWeight: 0.1
  m_ConvexHullGenerationParameters:
    m_SimplificationTolerance: 0.012803301
    m_BevelRadius: 0.05
    m_MinimumAngle: 2.5000002
  m_CustomMesh: {fileID: 0}
  m_ForceUnique: 0
  m_Material:
    m_SupportsTemplate: 1
    m_Template: {fileID: 0}
    m_IsTrigger:
      m_Override: 0
      m_Value: 1
    m_Friction:
      m_Override: 0
      m_Value:
        Value: 0.5
        CombineMode: 0
    m_Restitution:
      m_Override: 0
      m_Value:
        Value: 0
        CombineMode: 2
    m_BelongsTo:
      m_Override: 0
      m_Value: 0101010101010101010101010101010101010101010101010101010101010101
    m_CollidesWith:
      m_Override: 0
      m_Value: 0101010101010101010101010101010101010101010101010101010101010101
    m_RaisesCollisionEvents:
      m_Override: 0
      m_Value: 0
    m_CustomTags:
      m_Override: 0
      m_Value: 0000000000000000
  m_ConvexRadius_Deprecated: -1
--- !u!114 &3789295305411136850
MonoBehaviour:
  m_ObjectHideFlags: 0
  m_CorrespondingSourceObject: {fileID: 0}
  m_PrefabInstance: {fileID: 0}
  m_PrefabAsset: {fileID: 0}
  m_GameObject: {fileID: 1179989006791361503}
  m_Enabled: 1
  m_EditorHideFlags: 0
  m_Script: {fileID: 11500000, guid: b48e291eee92645df8d43475c320ce0e, type: 3}
  m_Name: 
  m_EditorClassIdentifier: 
  speedX: 0
  speedY: 3
  speedZ: 0
--- !u!33 &2449690895759365579
MeshFilter:
  m_ObjectHideFlags: 0
  m_CorrespondingSourceObject: {fileID: 0}
  m_PrefabInstance: {fileID: 0}
  m_PrefabAsset: {fileID: 0}
  m_GameObject: {fileID: 1179989006791361503}
  m_Mesh: {fileID: 10202, guid: 0000000000000000e000000000000000, type: 0}
--- !u!23 &7071374831662596107
MeshRenderer:
  m_ObjectHideFlags: 0
  m_CorrespondingSourceObject: {fileID: 0}
  m_PrefabInstance: {fileID: 0}
  m_PrefabAsset: {fileID: 0}
  m_GameObject: {fileID: 1179989006791361503}
  m_Enabled: 1
  m_CastShadows: 1
  m_ReceiveShadows: 1
  m_DynamicOccludee: 1
  m_MotionVectors: 1
  m_LightProbeUsage: 1
  m_ReflectionProbeUsage: 1
  m_RayTracingMode: 2
  m_RenderingLayerMask: 1
  m_RendererPriority: 0
  m_Materials:
  - {fileID: 2100000, guid: e60a6df1857fb4b0c837eb88bd3adddc, type: 2}
  m_StaticBatchInfo:
    firstSubMesh: 0
    subMeshCount: 0
  m_StaticBatchRoot: {fileID: 0}
  m_ProbeAnchor: {fileID: 0}
  m_LightProbeVolumeOverride: {fileID: 0}
  m_ScaleInLightmap: 1
  m_ReceiveGI: 1
  m_PreserveUVs: 0
  m_IgnoreNormalsForChartDetection: 0
  m_ImportantGI: 0
  m_StitchLightmapSeams: 1
  m_SelectedEditorRenderState: 3
  m_MinimumChartSize: 4
  m_AutoUVMaxDistance: 0.5
  m_AutoUVMaxAngle: 89
  m_LightmapParameters: {fileID: 0}
  m_SortingLayerID: 0
  m_SortingLayer: 0
  m_SortingOrder: 0
--- !u!114 &7796900898035991108
MonoBehaviour:
  m_ObjectHideFlags: 0
  m_CorrespondingSourceObject: {fileID: 0}
  m_PrefabInstance: {fileID: 0}
  m_PrefabAsset: {fileID: 0}
  m_GameObject: {fileID: 1179989006791361503}
  m_Enabled: 1
  m_EditorHideFlags: 0
  m_Script: {fileID: 11500000, guid: 8d561fe3d67e245f5a3960b0750df5f1, type: 3}
  m_Name: 
  m_EditorClassIdentifier: 
  type: 4
  cooldown: -1
  timestamp: 0
  value: 0
  hasBeenTriggered: 0
  particleEmitter: {fileID: 841454853705358960, guid: b9501063c738045e1bb1323dbd484245,
    type: 3}
